%% This BibTeX bibliography file was created using BibDesk.
%% http://bibdesk.sourceforge.net/


%% Created for Dominique Fober at 2014-04-09 12:21:12 +0200 


%% Saved with string encoding Unicode (UTF-8) 



@inproceedings{Fober:12a,
	Abstract = {INScore is an open source framework for the design of interactive, augmented, live music scores. Augmented music scores are graphic spaces providing representation, composition and manipulation of heterogeneous and arbitrary music objects (music scores but also images, text, signals{\ldots}), both in the graphic and time domains. INScore includes also a dynamic system for the representation of the music performance, considered as a specific sound or gesture instance of the score, and viewed as signals. It integrates an event based interaction mechanism that opens the door to original uses and designs, transforming a score as a user interface or allowing a score self-modification based on temporal events. This paper presents the system features, the underlying formalisms, and introduces the OSC based scripting language.},
	Author = {Dominique Fober and Yann Orlarey and Stephane Letz},
	Booktitle = {Proceedings of the Linux Audio Conference -- LAC 2012},
	Date = {2012-01-01},
	Date-Added = {2014-04-09 09:06:29 +0000},
	Date-Modified = {2014-04-09 09:06:29 +0000},
	Keywords = {interaction, synchronization, music, score, graphic},
	Pages = {47-54},
	Title = {INScore -- An Environment for the Design of Live Music Scores},
	Year = {2012},
	Bdsk-Url-1 = {INScore-ID12-2.pdf}}

@article{fober12cmj,
	Author = {Dominique Fober and Yann Orlarey and St{\'e}phane Letz},
	Date-Added = {2012-11-21 13:43:17 +0000},
	Date-Modified = {2012-11-21 13:45:38 +0000},
	Journal = {(submitted to) Computer Music Journal},
	Publisher = {MIT Press},
	Title = {INScore, an Environment for Live Music Scores},
	Year = {2012}}

@article{Bevilacqua_JNMR2012,
	Author = {Bevilacqua, Fr{\'e}d{\'e}ric and Baschet, Florence and Lemouton, Serge},
	Date-Added = {2012-10-26 13:10:15 +0200},
	Date-Modified = {2012-10-26 13:10:15 +0200},
	Doi = {10.1080/09298215.2011.647823},
	Eprint = {http://www.tandfonline.com/doi/pdf/10.1080/09298215.2011.647823},
	Journal = {Journal of New Music Research},
	Number = {1},
	Pages = {103-119},
	Title = {The Augmented String Quartet: Experiments and Gesture Following},
	Url = {http://www.tandfonline.com/doi/abs/10.1080/09298215.2011.647823},
	Volume = {41},
	Year = {2012},
	Bdsk-Url-1 = {http://www.tandfonline.com/doi/abs/10.1080/09298215.2011.647823},
	Bdsk-Url-2 = {http://dx.doi.org/10.1080/09298215.2011.647823}}

@article{Rasamimanana_OS09,
	Author = {N. H. Rasamimanana and F. Kaiser and F. Bevilacqua},
	Date-Added = {2012-10-26 12:22:53 +0200},
	Date-Modified = {2012-10-26 12:22:53 +0200},
	Journal = {Organised Sound (in press)},
	Number = {2},
	Pages = {208 - 216},
	Title = {Perspectives on gesture-sound relationships informed from acoustic instrument studies},
	Volume = {14},
	Year = {2009}}

@inproceedings{bevilacqua_nime07,
	Address = {New York, NY, USA},
	Author = {Bevilacqua, Frederic and Gu\'{e}dy, Fabrice and Schnell, Norbert and Fl\'{e}ty, Emmanuel and Leroy, Nicolas},
	Booktitle = {Proceedings of the International Conference on New interfaces for Musical Expression},
	Date-Added = {2012-10-26 12:21:14 +0200},
	Date-Modified = {2012-10-26 12:21:24 +0200},
	Keywords = {gesture recognition, gesture-follower, music pedagogy, technology-enhanced learning, wireless interface},
	Location = {New York, New York},
	Numpages = {6},
	Pages = {124--129},
	Series = {NIME '07},
	Title = {Wireless sensor interface and gesture-follower for music pedagogy},
	Year = {2007},
	Bdsk-Url-1 = {http://doi.acm.org/10.1145/1279740.1279762}}

@inproceedings{Francoise12a,
	Address = {Copenhague, Danemark},
	Author = {Fran{\c c}oise, Jules and Caramiaux, Baptiste and Bevilacqua, Fr{\'e}d{\'e}ric},
	Booktitle = {Sound and Music Computing},
	Date-Added = {2012-10-26 12:19:33 +0200},
	Date-Modified = {2012-10-26 12:19:50 +0200},
	Month = {Juillet},
	Title = {A Hierarchical Approach for the Design of Gesture-to-Sound Mappings},
	Url = {http://articles.ircam.fr/textes/Francoise12a/},
	Year = {2012},
	Bdsk-Url-1 = {http://articles.ircam.fr/textes/Francoise12a/}}

@incollection{Bevilacqua2011Springer,
	Author = {Bevilacqua, Fr{\'e}d{\'e}ric and Schnell, Norbert and Rasamimanana, Nicolas and Zamborlin, Bruno and Gu{\'e}dy, Fabrice},
	Booktitle = {Musical Robots and Interactive Multimodal Systems},
	Date-Added = {2012-10-26 12:13:29 +0200},
	Date-Modified = {2012-10-26 12:14:49 +0200},
	Doi = {10.1007/978-3-642-22291-7_8},
	Editor = {Solis, Jorge and Ng, Kia},
	Isbn = {978-3-642-22290-0},
	Pages = {127-142},
	Publisher = {Springer Berlin Heidelberg},
	Series = {Springer Tracts in Advanced Robotics},
	Title = {Online Gesture Analysis and Control of Audio Processing},
	Url = {http://dx.doi.org/10.1007/978-3-642-22291-7_8},
	Volume = {74},
	Year = {2011},
	Bdsk-Url-1 = {http://dx.doi.org/10.1007/978-3-642-22291-7_8}}

@book{quist1984indeterminate,
	Author = {Quist, P.L.},
	Publisher = {Johns Hopkins University},
	Title = {Indeterminate form in the work of Earle Brown},
	Url = {http://books.google.fr/books?id=xwM6AQAAIAAJ},
	Year = {1984},
	Bdsk-Url-1 = {http://books.google.fr/books?id=xwM6AQAAIAAJ}}

@book{schnebel1969mo,
	Author = {Schnebel, D.},
	Publisher = {DuMont Schauberg},
	Title = {Mo-no: music to read},
	Url = {http://books.google.fr/books?id=C1NhPgAACAAJ},
	Year = {1969},
	Bdsk-Url-1 = {http://books.google.fr/books?id=C1NhPgAACAAJ}}

@article{hoschka98,
	Author = {Hoschka, P.},
	Date-Modified = {2011-07-12 08:00:11 +0200},
	Doi = {10.1109/93.735872},
	Issn = {1070-986X},
	Journal = {Multimedia, IEEE},
	Month = {oct-dec},
	Number = {4},
	Pages = {84 -88},
	Title = {An introduction to the Synchronized Multimedia Integration Language},
	Volume = {5},
	Year = {1998},
	Bdsk-Url-1 = {http://dx.doi.org/10.1109/93.735872}}

@url{SMIL,
	Author = {W3C},
	Date-Added = {2011-07-12 07:31:35 +0200},
	Date-Modified = {2011-07-12 07:52:39 +0200},
	Title = {Synchronized Multimedia Integration Language},
	Urldate = {http://www.w3.org/TR/SMIL3/}}

@inproceedings{liang2011,
	Author = {Dawen Liang and Guangyu Xia and Roger B. Dannenberg},
	Booktitle = {Proceedings of the International Conference on New Interfaces for Musical Expression},
	Date-Added = {2011-06-30 17:00:04 +0200},
	Date-Modified = {2011-06-30 17:01:13 +0200},
	Month = {June},
	Pages = {167--172},
	Title = {A Framework for Coordination and Synchronization of Media},
	Year = {2011}}

@inproceedings{Gold2011,
	Address = {Oslo},
	Author = {Nicolas E. Gold and Roger B. Dannenberg},
	Booktitle = {Proceedings of the International Conference on New Interfaces for Musical Expression},
	Date-Added = {2011-06-30 16:55:50 +0200},
	Date-Modified = {2011-06-30 16:59:58 +0200},
	Month = {June},
	Pages = {36--39},
	Title = {A Reference Architecture and Score Representation for Popular Music Human-Computer Music Performance Systems},
	Year = {2011}}

@electronic{castan,
	Author = {Gerd Castan},
	Date-Added = {2010-12-21 13:53:17 +0100},
	Date-Modified = {2010-12-21 13:53:17 +0100},
	Title = {Musical Notation Codes},
	Url = {http://www.music-notation.info/en/compmus/notationformats.html},
	Bdsk-Url-1 = {http://www.music-notation.info/en/compmus/notationformats.html}}

@article{baggi09a,
	Author = {Denis L. Baggy},
	Date-Added = {2010-12-21 13:53:17 +0100},
	Date-Modified = {2010-12-21 13:53:17 +0100},
	Journal = {Journal of Multimedia},
	Month = {February},
	Number = {1},
	Pages = {3--8},
	Title = {The New Standard {IEEE} 1599, Introduction and Examples},
	Volume = {4},
	Year = {2009},
	Bdsk-File-1 = {YnBsaXN0MDDUAQIDBAUGJCVYJHZlcnNpb25YJG9iamVjdHNZJGFyY2hpdmVyVCR0b3ASAAGGoKgHCBMUFRYaIVUkbnVsbNMJCgsMDxJXTlMua2V5c1pOUy5vYmplY3RzViRjbGFzc6INDoACgAOiEBGABIAFgAdccmVsYXRpdmVQYXRoWWFsaWFzRGF0YV8QPi4uLy4uLy4uL3N2bi9icmFuY2hlcy9zeW5jL2RvYy9pZWVlMTU5OS9wYXBlcnMvam1tMDQwMTAzMDgucGRm0hcLGBlXTlMuZGF0YU8RAdgAAAAAAdgAAgAABExpb24AAAAAAAAAAAAAAAAAAAAAAAAAAAAAAMsVHCRIKwAAACSkZA9qbW0wNDAxMDMwOC5wZGYAAAAAAAAAAAAAAAAAAAAAAAAAAAAAAAAAAAAAAAAAAAAAAAAAAAAAAAAAAAAAAAAAJKRmxpDfmgAAAAAAAAAAAAMABwAACSAAAAAAAAAAAAAAAAAAAAAGcGFwZXJzABAACAAAyxUOFAAAABEACAAAxpDDegAAAAEAKAAkpGQAJJ49ACSLQwAkgtIAJF18ACRdcQAj/G4AIDG4ABhhQwAAvyMAAgBcTGlvbjpVc2VyczoAZm9iZXI6AHNyYzoASU5TY29yZToAc3ZuOgBicmFuY2hlczoAc3luYzoAZG9jOgBpZWVlMTU5OToAcGFwZXJzOgBqbW0wNDAxMDMwOC5wZGYADgAgAA8AagBtAG0AMAA0ADAAMQAwADMAMAA4AC4AcABkAGYADwAKAAQATABpAG8AbgASAE1Vc2Vycy9mb2Jlci9zcmMvSU5TY29yZS9zdm4vYnJhbmNoZXMvc3luYy9kb2MvaWVlZTE1OTkvcGFwZXJzL2ptbTA0MDEwMzA4LnBkZgAAEwABLwAAFQACAAz//wAAgAbSGxwdHlokY2xhc3NuYW1lWCRjbGFzc2VzXU5TTXV0YWJsZURhdGGjHR8gVk5TRGF0YVhOU09iamVjdNIbHCIjXE5TRGljdGlvbmFyeaIiIF8QD05TS2V5ZWRBcmNoaXZlctEmJ1Ryb290gAEACAARABoAIwAtADIANwBAAEYATQBVAGAAZwBqAGwAbgBxAHMAdQB3AIQAjgDPANQA3AK4AroCvwLKAtMC4QLlAuwC9QL6AwcDCgMcAx8DJAAAAAAAAAIBAAAAAAAAACgAAAAAAAAAAAAAAAAAAAMm}}

@book{qt4,
	Author = {Jasmin Blanchette and Mark Summerfield},
	Date-Added = {2010-12-21 13:53:17 +0100},
	Date-Modified = {2010-12-21 13:53:17 +0100},
	Publisher = {Prentice Hall},
	Title = {C++ {GUI} Programming with Qt 4 (2nd Edition)},
	Year = {2008}}

@article{bresson08,
	Author = {Jean Bresson and Carlos Agon},
	Date-Added = {2010-12-21 13:53:17 +0100},
	Date-Modified = {2010-12-21 13:53:17 +0100},
	Journal = {Computer Music Journal},
	Number = {4},
	Pages = {31-47},
	Title = {Scores, Programs, and Time Representation: The Sheet Object in OpenMusic},
	Volume = {32},
	Year = {2008},
	Bdsk-File-1 = {YnBsaXN0MDDUAQIDBAUGJCVYJHZlcnNpb25YJG9iamVjdHNZJGFyY2hpdmVyVCR0b3ASAAGGoKgHCBMUFRYaIVUkbnVsbNMJCgsMDxJXTlMua2V5c1pOUy5vYmplY3RzViRjbGFzc6INDoACgAOiEBGABIAFgAdccmVsYXRpdmVQYXRoWWFsaWFzRGF0YV8QTC4uLy4uLy4uLy4uLy4uL0RvbWRvY3MvSVNUL0FOUjIwMDgvc3ZuL0ludGVybHVkZXMvZXR1ZGUvQ01KLTMyMDQtcHAzMS00Ny5wZGbSFwsYGVdOUy5kYXRhTxEB6AAAAAAB6AACAAAMTWFjaW50b3NoIEhEAAAAAAAAAAAAAAAAAAAAzWUY6kgrAAAADw13FENNSi0zMjA0LXBwMzEtNDcucGRmAAAAAAAAAAAAAAAAAAAAAAAAAAAAAAAAAAAAAAAAAAAAAAAAAAAAAAAAAAAPDXnHFbAqAAAAAAAAAAAABQAHAAAJIAAAAAAAAAAAAAAAAAAAAAVldHVkZQAAEAAIAADNZQraAAAAEQAIAADHFaIaAAAAAQAgAA8NdwAPBLkADv7pAA78pQAO/KMADWk7AAuEvAACEOkAAgBeTWFjaW50b3NoIEhEOlVzZXJzOgBmb2JlcjoARG9tZG9jczoASVNUOgBBTlIyMDA4OgBzdm46AEludGVybHVkZXM6AGV0dWRlOgBDTUotMzIwNC1wcDMxLTQ3LnBkZgAOACoAFABDAE0ASgAtADMAMgAwADQALQBwAHAAMwAxAC0ANAA3AC4AcABkAGYADwAaAAwATQBhAGMAaQBuAHQAbwBzAGgAIABIAEQAEgBJVXNlcnMvZm9iZXIvRG9tZG9jcy9JU1QvQU5SMjAwOC9zdm4vSW50ZXJsdWRlcy9ldHVkZS9DTUotMzIwNC1wcDMxLTQ3LnBkZgAAEwABLwAAFQACAAz//wAAgAbSGxwdHlokY2xhc3NuYW1lWCRjbGFzc2VzXU5TTXV0YWJsZURhdGGjHR8gVk5TRGF0YVhOU09iamVjdNIbHCIjXE5TRGljdGlvbmFyeaIiIF8QD05TS2V5ZWRBcmNoaXZlctEmJ1Ryb290gAEACAARABoAIwAtADIANwBAAEYATQBVAGAAZwBqAGwAbgBxAHMAdQB3AIQAjgDdAOIA6gLWAtgC3QLoAvEC/wMDAwoDEwMYAyUDKAM6Az0DQgAAAAAAAAIBAAAAAAAAACgAAAAAAAAAAAAAAAAAAANE}}

@inproceedings{Fober:07a,
	Author = {D. Fober and S. Letz and Y. Orlarey},
	Booktitle = {Actes des Journ{\'e}es d'Informatique Musicale JIM'07 - Lyon},
	Date-Added = {2010-12-21 13:53:17 +0100},
	Date-Modified = {2010-12-21 13:53:17 +0100},
	Editor = {Grame},
	Pages = {57--63},
	Title = {VEMUS - Une {\'e}cole de musique europ{\'e}enne virtuelle},
	Year = {2007},
	Bdsk-File-1 = {YnBsaXN0MDDUAQIDBAUGJCVYJHZlcnNpb25YJG9iamVjdHNZJGFyY2hpdmVyVCR0b3ASAAGGoKgHCBMUFRYaIVUkbnVsbNMJCgsMDxJXTlMua2V5c1pOUy5vYmplY3RzViRjbGFzc6INDoACgAOiEBGABIAFgAdccmVsYXRpdmVQYXRoWWFsaWFzRGF0YV8QNy4uLy4uLy4uLy4uL1ZlbXVzRGV2L2RvYy9hcnRpY2xlcy92ZW11cy92ZW11cy1qaW0wNy5wZGbSFwsYGVdOUy5kYXRhTxEBpgAAAAABpgACAAAETGlvbgAAAAAAAAAAAAAAAAAAAAAAAAAAAAAAyxUcJEgrAAAAKhEqD3ZlbXVzLWppbTA3LnBkZgAAAAAAAAAAAAAAAAAAAAAAAAAAAAAAAAAAAAAAAAAAAAAAAAAAAAAAAAAAAAAAAAAqEYzDVeVLAAAAAAAAAAAABAAFAAAJIAAAAAAAAAAAAAAAAAAAAAV2ZW11cwAAEAAIAADLFQ4UAAAAEQAIAADDVdc7AAAAAQAcACoRKgAqDbcAKg2jACoNkwAgMbgAGGFDAAC/IwACAEdMaW9uOlVzZXJzOgBmb2JlcjoAc3JjOgBWZW11c0RldjoAZG9jOgBhcnRpY2xlczoAdmVtdXM6AHZlbXVzLWppbTA3LnBkZgAADgAgAA8AdgBlAG0AdQBzAC0AagBpAG0AMAA3AC4AcABkAGYADwAKAAQATABpAG8AbgASADtVc2Vycy9mb2Jlci9zcmMvVmVtdXNEZXYvZG9jL2FydGljbGVzL3ZlbXVzL3ZlbXVzLWppbTA3LnBkZgAAEwABLwAAFQACAAz//wAAgAbSGxwdHlokY2xhc3NuYW1lWCRjbGFzc2VzXU5TTXV0YWJsZURhdGGjHR8gVk5TRGF0YVhOU09iamVjdNIbHCIjXE5TRGljdGlvbmFyeaIiIF8QD05TS2V5ZWRBcmNoaXZlctEmJ1Ryb290gAEACAARABoAIwAtADIANwBAAEYATQBVAGAAZwBqAGwAbgBxAHMAdQB3AIQAjgDIAM0A1QJ/AoEChgKRApoCqAKsArMCvALBAs4C0QLjAuYC6wAAAAAAAAIBAAAAAAAAACgAAAAAAAAAAAAAAAAAAALt}}

@inproceedings{chapuis07,
	Author = {Y. Chapuis and D. Fober and S. Letz and Y. Orlarey and C. Daudin},
	Booktitle = {Actes des Journ{\'e}es d'Informatique Musicale JIM'07 - Lyon},
	Date-Added = {2010-12-21 13:53:17 +0100},
	Date-Modified = {2010-12-21 13:53:17 +0100},
	Editor = {Grame},
	Pages = {18--27},
	Title = {Annotation de partitions musicales dynamiques},
	Year = {2007},
	Bdsk-File-1 = {YnBsaXN0MDDUAQIDBAUGJCVYJHZlcnNpb25YJG9iamVjdHNZJGFyY2hpdmVyVCR0b3ASAAGGoKgHCBMUFRYaIVUkbnVsbNMJCgsMDxJXTlMua2V5c1pOUy5vYmplY3RzViRjbGFzc6INDoACgAOiEBGABIAFgAdccmVsYXRpdmVQYXRoWWFsaWFzRGF0YV8QTi4uLy4uLy4uLy4uL1ZlbXVzRGV2L2RvYy9hcnRpY2xlcy9oYW5kd3JpdHRlbi9QYXBpZXJUZW1wL0hhbmR3cml0dGVuX2ZpbmFsLnBkZtIXCxgZV05TLmRhdGFPEQHoAAAAAAHoAAIAAARMaW9uAAAAAAAAAAAAAAAAAAAAAAAAAAAAAADLFRwkSCsAAAAqDmcVSGFuZHdyaXR0ZW5fZmluYWwucGRmAAAAAAAAAAAAAAAAAAAAAAAAAAAAAAAAAAAAAAAAAAAAAAAAAAAAAAAAACoOe8NV5TAAAAAAAAAAAAAEAAYAAAkgAAAAAAAAAAAAAAAAAAAAClBhcGllclRlbXAAEAAIAADLFQ4UAAAAEQAIAADDVdcgAAAAAQAgACoOZwAqDlsAKg23ACoNowAqDZMAIDG4ABhhQwAAvyMAAgBfTGlvbjpVc2VyczoAZm9iZXI6AHNyYzoAVmVtdXNEZXY6AGRvYzoAYXJ0aWNsZXM6AGhhbmR3cml0dGVuOgBQYXBpZXJUZW1wOgBIYW5kd3JpdHRlbl9maW5hbC5wZGYAAA4ALAAVAEgAYQBuAGQAdwByAGkAdAB0AGUAbgBfAGYAaQBuAGEAbAAuAHAAZABmAA8ACgAEAEwAaQBvAG4AEgBSVXNlcnMvZm9iZXIvc3JjL1ZlbXVzRGV2L2RvYy9hcnRpY2xlcy9oYW5kd3JpdHRlbi9QYXBpZXJUZW1wL0hhbmR3cml0dGVuX2ZpbmFsLnBkZgATAAEvAAAVAAIADP//AACABtIbHB0eWiRjbGFzc25hbWVYJGNsYXNzZXNdTlNNdXRhYmxlRGF0YaMdHyBWTlNEYXRhWE5TT2JqZWN00hscIiNcTlNEaWN0aW9uYXJ5oiIgXxAPTlNLZXllZEFyY2hpdmVy0SYnVHJvb3SAAQAIABEAGgAjAC0AMgA3AEAARgBNAFUAYABnAGoAbABuAHEAcwB1AHcAhACOAN8A5ADsAtgC2gLfAuoC8wMBAwUDDAMVAxoDJwMqAzwDPwNEAAAAAAAAAgEAAAAAAAAAKAAAAAAAAAAAAAAAAAAAA0Y=}}

@inproceedings{daudin07,
	Author = {C. Daudin and D. Fober and S. Letz and Y. Orlarey and Y. Chapuis},
	Booktitle = {Actes des Journ{\'e}es d'Informatique Musicale JIM'07 - Lyon},
	Date-Added = {2010-12-21 13:53:17 +0100},
	Date-Modified = {2010-12-21 13:53:17 +0100},
	Editor = {Grame},
	Pages = {64--72},
	Title = {Visualisation du jeu instrumental},
	Year = {2007},
	Bdsk-File-1 = {YnBsaXN0MDDUAQIDBAUGJCVYJHZlcnNpb25YJG9iamVjdHNZJGFyY2hpdmVyVCR0b3ASAAGGoKgHCBMUFRYaIVUkbnVsbNMJCgsMDxJXTlMua2V5c1pOUy5vYmplY3RzViRjbGFzc6INDoACgAOiEBGABIAFgAdccmVsYXRpdmVQYXRoWWFsaWFzRGF0YV8QOS4uLy4uLy4uLy4uL1ZlbXVzRGV2L2RvYy9hcnRpY2xlcy9jdXJ2ZXMvZGF1ZGluLWppbTA3LnBkZtIXCxgZV05TLmRhdGFPEQGsAAAAAAGsAAIAAARMaW9uAAAAAAAAAAAAAAAAAAAAAAAAAAAAAADLFRwkSCsAAAAqDcUQZGF1ZGluLWppbTA3LnBkZgAAAAAAAAAAAAAAAAAAAAAAAAAAAAAAAAAAAAAAAAAAAAAAAAAAAAAAAAAAAAAAACoN78NV5SoAAAAAAAAAAAAEAAUAAAkgAAAAAAAAAAAAAAAAAAAABmN1cnZlcwAQAAgAAMsVDhQAAAARAAgAAMNV1xoAAAABABwAKg3FACoNtwAqDaMAKg2TACAxuAAYYUMAAL8jAAIASUxpb246VXNlcnM6AGZvYmVyOgBzcmM6AFZlbXVzRGV2OgBkb2M6AGFydGljbGVzOgBjdXJ2ZXM6AGRhdWRpbi1qaW0wNy5wZGYAAA4AIgAQAGQAYQB1AGQAaQBuAC0AagBpAG0AMAA3AC4AcABkAGYADwAKAAQATABpAG8AbgASAD1Vc2Vycy9mb2Jlci9zcmMvVmVtdXNEZXYvZG9jL2FydGljbGVzL2N1cnZlcy9kYXVkaW4tamltMDcucGRmAAATAAEvAAAVAAIADP//AACABtIbHB0eWiRjbGFzc25hbWVYJGNsYXNzZXNdTlNNdXRhYmxlRGF0YaMdHyBWTlNEYXRhWE5TT2JqZWN00hscIiNcTlNEaWN0aW9uYXJ5oiIgXxAPTlNLZXllZEFyY2hpdmVy0SYnVHJvb3SAAQAIABEAGgAjAC0AMgA3AEAARgBNAFUAYABnAGoAbABuAHEAcwB1AHcAhACOAMoAzwDXAocCiQKOApkCogKwArQCuwLEAskC1gLZAusC7gLzAAAAAAAAAgEAAAAAAAAAKAAAAAAAAAAAAAAAAAAAAvU=}}

@inproceedings{Fober:07b,
	Author = {D. Fober and S. Letz and Y. Orlarey},
	Booktitle = {Proceedings of the 4th Sound and Music Computing Conference SMC'07 - Lefkada, Greece},
	Date-Added = {2010-12-21 13:53:17 +0100},
	Date-Modified = {2010-12-21 13:53:17 +0100},
	Pages = {117--123},
	Title = {VEMUS - Feedback and Groupware Technologies for Music Instrument Learning},
	Year = {2007},
	Bdsk-File-1 = {YnBsaXN0MDDUAQIDBAUGJCVYJHZlcnNpb25YJG9iamVjdHNZJGFyY2hpdmVyVCR0b3ASAAGGoKgHCBMUFRYaIVUkbnVsbNMJCgsMDxJXTlMua2V5c1pOUy5vYmplY3RzViRjbGFzc6INDoACgAOiEBGABIAFgAdccmVsYXRpdmVQYXRoWWFsaWFzRGF0YV8QMS4uLy4uLy4uLy4uL1ZlbXVzRGV2L2RvYy9hcnRpY2xlcy9zbWMwNy92ZW11cy5wZGbSFwsYGVdOUy5kYXRhTxEBjgAAAAABjgACAAAETGlvbgAAAAAAAAAAAAAAAAAAAAAAAAAAAAAAyxUcJEgrAAAAKhAqCXZlbXVzLnBkZgAAAAAAAAAAAAAAAAAAAAAAAAAAAAAAAAAAAAAAAAAAAAAAAAAAAAAAAAAAAAAAAAAAAAAAAAAqESjDVeVHAAAAAAAAAAAABAAFAAAJIAAAAAAAAAAAAAAAAAAAAAVzbWMwNwAAEAAIAADLFQ4UAAAAEQAIAADDVdc3AAAAAQAcACoQKgAqDbcAKg2jACoNkwAgMbgAGGFDAAC/IwACAEFMaW9uOlVzZXJzOgBmb2JlcjoAc3JjOgBWZW11c0RldjoAZG9jOgBhcnRpY2xlczoAc21jMDc6AHZlbXVzLnBkZgAADgAUAAkAdgBlAG0AdQBzAC4AcABkAGYADwAKAAQATABpAG8AbgASADVVc2Vycy9mb2Jlci9zcmMvVmVtdXNEZXYvZG9jL2FydGljbGVzL3NtYzA3L3ZlbXVzLnBkZgAAEwABLwAAFQACAAz//wAAgAbSGxwdHlokY2xhc3NuYW1lWCRjbGFzc2VzXU5TTXV0YWJsZURhdGGjHR8gVk5TRGF0YVhOU09iamVjdNIbHCIjXE5TRGljdGlvbmFyeaIiIF8QD05TS2V5ZWRBcmNoaXZlctEmJ1Ryb290gAEACAARABoAIwAtADIANwBAAEYATQBVAGAAZwBqAGwAbgBxAHMAdQB3AIQAjgDCAMcAzwJhAmMCaAJzAnwCigKOApUCngKjArACswLFAsgCzQAAAAAAAAIBAAAAAAAAACgAAAAAAAAAAAAAAAAAAALP}}

@inproceedings{sonic06,
	Author = {Chris Cannam and Christian Landone and Mark Sandler and Juan Pablo Bello},
	Booktitle = {Proceedings of the 7th International Conference on Music Information Retrieval},
	Date-Added = {2010-12-21 13:53:17 +0100},
	Date-Modified = {2010-12-21 13:53:17 +0100},
	Title = {The Sonic Visualiser: A Visualisation Platform for Semantic Descriptors from Musical Signals},
	Year = {2006}}

@article{KUUSK06,
	Author = {Mika Kuuskankare and Mikael Laurson},
	Date-Added = {2010-12-21 13:53:17 +0100},
	Date-Modified = {2010-12-21 13:53:17 +0100},
	Journal = {Computer Music Journal},
	Number = {4},
	Pages = {67--79},
	Title = {Expressive Notation Package},
	Volume = {30},
	Year = {2006}}

@inproceedings{SCHOON05,
	Author = {Erwin Schoonderwaldt and Anders Askenfelt and Kjetil Falkenberg Hansen},
	Booktitle = {Proceedings of the International Computer Music Conference},
	Date-Added = {2010-12-21 13:53:17 +0100},
	Date-Modified = {2010-12-21 13:53:17 +0100},
	Location = {Barcelona},
	Pages = {431--434},
	Publisher = {ICMA},
	Title = {Design and implementation of automatic evaluation of recorder performance in IMUTUS.},
	Year = {2005}}

@inproceedings{SPY05,
	Author = {S. Raptis and A. Chalamandaris and A. Baxevanis and A. Askenfeld and E. Schoonderwaldt and K. Falkenberg Hansen and D. Fober and S. Letz and Y. Orlarey},
	Booktitle = {Proceedings of the International Computer Music Conference},
	Date-Added = {2010-12-21 13:53:17 +0100},
	Date-Modified = {2010-12-21 13:53:17 +0100},
	Pages = {383--386},
	Publisher = {ICMA},
	Title = {IMUTUS - An effective practicing environment for music tuition.},
	Url = {Barcelona},
	Year = {2005},
	Bdsk-Url-1 = {Barcelona}}

@inproceedings{ACOUSM04,
	Author = {Yann Geslin and Adrien Lefevre},
	Booktitle = {ICMC'04: Proceedings of the International Computer Music Conference},
	Date-Added = {2010-12-21 13:53:17 +0100},
	Date-Modified = {2010-12-21 13:53:17 +0100},
	Pages = {285--289},
	Publisher = {ICMA},
	Title = {Sound and musical representation: the Acousmographe software},
	Year = {2004}}

@inproceedings{Fober:04c,
	Author = {D. Fober and S. Letz and Y. Orlarey and A. Askenfeld and K. Falkenberg Hansen and E. Schoonderwaldt},
	Booktitle = {Proceedings of the first Sound and Music Computing conference - SMC'04},
	Date-Added = {2010-12-21 13:53:17 +0100},
	Date-Modified = {2010-12-21 13:53:17 +0100},
	Pages = {97--103},
	Publisher = {IRCAM},
	Title = {IMUTUS - an Interactive Music Tuition System},
	Year = {2004}}

@inproceedings{SCHOON04,
	Author = {Erwin Schoonderwaldt and Anders Askenfelt and Kjetil Falkenberg Hansen},
	Booktitle = {Proceedings of the {I}nternational {C}onference of {I}nteractive {C}omputer {A}ided {L}earning (ICL)},
	Date-Added = {2010-12-21 13:53:17 +0100},
	Date-Modified = {2010-12-21 13:53:17 +0100},
	Location = {Villach, Austria},
	Title = {IMUTUS - an interactive system for learning to play a musical instrument},
	Year = {2004}}

@inbook{Letz:04a,
	Author = {S.Letz and D. Fober and Y.Orlarey},
	Booktitle = {Informatique musicale : du signal au signe musical},
	Date-Added = {2010-12-21 13:53:17 +0100},
	Date-Modified = {2010-12-21 13:53:17 +0100},
	Publisher = {Hermes},
	Title = {Les normes {MIDI} et {MIDIF}iles},
	Year = 2004}

@inproceedings{Fober:04b,
	Author = {D. Fober and S.Letz and Y.Orlarey},
	Booktitle = {Proceedings of the first Sound and Music Computing conference - SMC'04},
	Date-Added = {2010-12-21 13:53:17 +0100},
	Date-Modified = {2010-12-21 13:53:17 +0100},
	Pages = {91--95},
	Publisher = {IRCAM},
	Title = {Open source tools for music representation and notation},
	Year = 2004}

@inproceedings{lilypond03,
	Author = {Han-Wen Nienhuys and Jan Nieuwenhuizen},
	Booktitle = {Proceedings of the XIV Colloquium on Musical Informatics},
	Date-Added = {2010-12-21 13:53:17 +0100},
	Date-Modified = {2010-12-21 13:53:17 +0100},
	Title = {Lily{P}ond, a system for automated music engraving},
	Year = {2003}}

@manual{wright02,
	Author = {Matthew Wright},
	Date-Added = {2010-12-21 13:53:17 +0100},
	Date-Modified = {2010-12-21 13:53:17 +0100},
	Title = {{O}pen {S}ound {C}ontrol 1.0 {S}pecification},
	Year = {2002},
	Bdsk-Url-1 = {http://opensoundcontrol.org/spec-1_0}}

@manual{OSC,
	Author = {Matthew Wright},
	Date-Added = {2010-12-21 13:53:17 +0100},
	Date-Modified = {2010-12-21 13:53:17 +0100},
	Title = {{O}pen {S}ound {C}ontrol 1.0 {S}pecification},
	Url = {http://opensoundcontrol.org/spec-1_0},
	Year = {2002},
	Bdsk-Url-1 = {http://opensoundcontrol.org/spec-1_0}}

@phdthesis{RENZ02,
	Author = {Kai Renz},
	Date-Added = {2010-12-21 13:53:17 +0100},
	Date-Modified = {2010-12-21 13:53:17 +0100},
	School = {Technischen Universit{\"a}t Darmstadt},
	Title = {Algorithms and Data Structures for a Music Notation System based on {GUIDO} Music Notation},
	Year = {2002}}

@inproceedings{good01,
	Author = {Good, M.},
	Booktitle = {The Virtual Score},
	Date-Added = {2010-12-21 13:53:17 +0100},
	Date-Modified = {2010-12-21 13:53:17 +0100},
	Editor = {W. B. Hewlett and E. Selfridge-Field},
	Pages = {113--124},
	Publisher = {MIT Press},
	Title = {Music{XML} for {N}otation and {A}nalysis.},
	Year = {2001}}

@book{hewlett01,
	Date-Added = {2010-12-21 13:53:17 +0100},
	Date-Modified = {2010-12-21 13:53:17 +0100},
	Editor = {Walter B. Hewlett and Eleanor Selfridge-Field},
	Publisher = {MIT Press},
	Series = {Computing in Musicology},
	Title = {The Virtual Score; representation, retrieval and restoration},
	Year = 2001}

@book{boul2000,
	Date-Added = {2010-12-21 13:53:17 +0100},
	Date-Modified = {2010-12-21 13:53:17 +0100},
	Editor = {Richard Boulanger},
	Publisher = {MIT Press},
	Title = {The {C}sound Book},
	Year = {2000}}

@article{saol99,
	Author = {Eric D. Scheirer and Barry L. Vercoe},
	Date-Added = {2010-12-21 13:53:17 +0100},
	Date-Modified = {2010-12-21 13:53:17 +0100},
	Journal = {Computer Music Journal},
	Number = {2},
	Pages = {31--51},
	Title = {{SAOL}: The {MPEG}-4 Structured Audio Orchestra Language},
	Volume = {23},
	Year = {1999}}

@inproceedings{hoos98,
	Author = {Holger Hoos and Keith Hamel and Kai Renz and Juergen Kilian},
	Booktitle = {Proceedings of the International Computer Music Conference},
	Date-Added = {2010-12-21 13:53:17 +0100},
	Date-Modified = {2010-12-21 13:53:17 +0100},
	Organization = {ICMA},
	Pages = {451--454},
	Title = {The {GUIDO} {M}usic {N}otation {F}ormat - A {N}ovel {A}pproach for {A}dequately {R}epresenting {S}core-level {M}usic.},
	Year = {1998},
	Bdsk-File-1 = {YnBsaXN0MDDUAQIDBAUGJCVYJHZlcnNpb25YJG9iamVjdHNZJGFyY2hpdmVyVCR0b3ASAAGGoKgHCBMUFRYaIVUkbnVsbNMJCgsMDxJXTlMua2V5c1pOUy5vYmplY3RzViRjbGFzc6INDoACgAOiEBGABIAFgAdccmVsYXRpdmVQYXRoWWFsaWFzRGF0YV8QNi4uLy4uLy4uLy4uL2d1aWRvL3N2bi9ndWlkb3NmL3RydW5rL2RvYy9pY21jOTgtZ21uLnBkZtIXCxgZV05TLmRhdGFPEQG8AAAAAAG8AAIAAAxNYWNpbnRvc2ggSEQAAAAAAAAAAAAAAAAAAADNZRjqSCsAAAAUSgsOaWNtYzk4LWdtbi5wZGYAAAAAAAAAAAAAAAAAAAAAAAAAAAAAAAAAAAAAAAAAAAAAAAAAAAAAAAAAAAAAAAAAABRLa8WWF+QAAAAAAAAAAAAEAAYAAAkgAAAAAAAAAAAAAAAAAAAAA2RvYwAAEAAIAADNZQraAAAAEQAIAADFlgnUAAAAAQAgABRKCwAUSasAE6FaABOMdAATW1IAEpvdAAuEvAACEOkAAgBPTWFjaW50b3NoIEhEOlVzZXJzOgBmb2JlcjoAc3JjOgBndWlkbzoAc3ZuOgBndWlkb3NmOgB0cnVuazoAZG9jOgBpY21jOTgtZ21uLnBkZgAADgAeAA4AaQBjAG0AYwA5ADgALQBnAG0AbgAuAHAAZABmAA8AGgAMAE0AYQBjAGkAbgB0AG8AcwBoACAASABEABIAOlVzZXJzL2ZvYmVyL3NyYy9ndWlkby9zdm4vZ3VpZG9zZi90cnVuay9kb2MvaWNtYzk4LWdtbi5wZGYAEwABLwAAFQACAAz//wAAgAbSGxwdHlokY2xhc3NuYW1lWCRjbGFzc2VzXU5TTXV0YWJsZURhdGGjHR8gVk5TRGF0YVhOU09iamVjdNIbHCIjXE5TRGljdGlvbmFyeaIiIF8QD05TS2V5ZWRBcmNoaXZlctEmJ1Ryb290gAEACAARABoAIwAtADIANwBAAEYATQBVAGAAZwBqAGwAbgBxAHMAdQB3AIQAjgDHAMwA1AKUApYCmwKmAq8CvQLBAsgC0QLWAuMC5gL4AvsDAAAAAAAAAAIBAAAAAAAAACgAAAAAAAAAAAAAAAAAAAMC}}

@inproceedings{Hamel98,
	Author = {Keith Hamel},
	Booktitle = {Proceedings of the International Computer Music Conference.},
	Date-Added = {2010-12-21 13:53:17 +0100},
	Date-Modified = {2010-12-21 13:53:17 +0100},
	Pages = {506--509},
	Title = {Note{A}bility, A Comprehensive Music Notation System.},
	Year = {1998}}

@phdthesis{Agon98,
	Author = {Carlos Agon},
	Date-Added = {2010-12-21 13:53:17 +0100},
	Date-Modified = {2010-12-21 13:53:17 +0100},
	School = {Universit{\'e} Pierre et Marie Curie, Paris 6, France},
	Title = {OpenMusic: un langage de programmation visuelle pour la composition musicale.},
	Year = {1998}}

@inproceedings{SCORE,
	Author = {Leland, Smith},
	Booktitle = {Beyond MIDI, The handbook of Musical Codes.},
	Date-Added = {2010-12-21 13:53:17 +0100},
	Date-Modified = {2010-12-21 13:53:17 +0100},
	Pages = {252--280},
	Publisher = {MIT Press},
	Title = {Score},
	Year = {1997}}

@inproceedings{darms,
	Author = {Selfridge-Field, E.},
	Booktitle = {Beyond MIDI, The handbook of Musical Codes.},
	Date-Added = {2010-12-21 13:53:17 +0100},
	Date-Modified = {2010-12-21 13:53:17 +0100},
	Pages = {163--174},
	Publisher = {MIT Press},
	Title = {{DARMS}, {I}ts {D}ialiects, and {I}ts {U}ses},
	Year = {1997}}

@inproceedings{Hewlett97,
	Author = {Walter B. Hewlett},
	Booktitle = {Beyond MIDI, The handbook of Musical Codes.},
	Date-Added = {2010-12-21 13:53:17 +0100},
	Date-Modified = {2010-12-21 13:53:17 +0100},
	Editor = {Selfridge-Field E.},
	Pages = {402--447},
	Publisher = {MIT Press},
	Title = {Muse{D}ata: {M}ultipurpose {R}epresentation.},
	Year = {1997}}

@inproceedings{Orlarey:97,
	Author = {Y. Orlarey and D. Fober and S. Letz},
	Booktitle = {Proceedings of the International Computer Music Conference},
	Date-Added = {2010-12-21 13:53:17 +0100},
	Date-Modified = {2010-12-21 13:53:17 +0100},
	Pages = {391--394},
	Publisher = {ICMA},
	Title = {Elody : a Java+MidiShare based Music Composition Environment},
	Year = 1997}

@book{selfridge-field97,
	Date-Added = {2010-12-21 13:53:17 +0100},
	Date-Modified = {2010-12-21 13:53:17 +0100},
	Editor = {Eleanor Selfridge-Field},
	Publisher = {MIT Press},
	Title = {Beyond {MIDI}: the handbook of musical codes},
	Year = 1997}

@article{dann93b,
	Author = {R. B. Dannenberg},
	Date-Added = {2010-12-21 13:53:17 +0100},
	Date-Modified = {2010-12-21 13:53:17 +0100},
	Journal = {Computer Music Journal},
	Number = {3},
	Pages = {20-30},
	Title = {Music Representation Issues, Techniques and Systems},
	Volume = {17},
	Year = {1993}}

@inproceedings{ACOUSM91,
	Author = {Olivier Koechlin and Hughes Vinet},
	Booktitle = {Proceedings of the International Computer Music Conference (ICMC'91)},
	Date-Added = {2010-12-21 13:53:17 +0100},
	Date-Modified = {2010-12-21 13:53:17 +0100},
	Pages = {586-588},
	Publisher = {ICMA},
	Title = {The Acousmographe, a Macinstosh software for the graphical representation of sounds},
	Year = {1991}}

@inproceedings{dann89,
	Author = {Roger B. Dannenberg},
	Booktitle = {Proceedings of the International Computer Music Conference},
	Date-Added = {2010-12-21 13:53:17 +0100},
	Date-Modified = {2010-12-21 13:53:17 +0100},
	Pages = {73--75},
	Title = {Music Representation Issues: A Position paper},
	Year = {1989}}

@article{Loy85,
	Author = {D. G. Loy},
	Date-Added = {2010-12-21 13:53:17 +0100},
	Date-Modified = {2010-12-21 13:53:17 +0100},
	Journal = {Computer Music Journal},
	Number = {4},
	Pages = {8--25},
	Title = {Musicians Make a Standard: The {MIDI} Phenomenon.},
	Volume = {9},
	Year = {1985}}

@phdthesis{BIRD84,
	Author = {Bird, Donald Alvin},
	Date-Added = {2010-12-21 13:53:17 +0100},
	Date-Modified = {2010-12-21 13:53:17 +0100},
	School = {Indiana University},
	Title = {Music Notation by Computer},
	Year = {1984}}

@book{Stone80,
	Address = {New York},
	Author = {Kurt Stone},
	Date-Added = {2010-12-21 13:53:17 +0100},
	Date-Modified = {2010-12-21 13:53:17 +0100},
	Note = {Heussenstamm writes: The most important book on notation in recent years.},
	Publisher = {Norton},
	Title = {Music Notation in the Twentieth Century},
	Year = {1980}}

@book{boucou,
	Author = {Andr{\'e} Boucourechliev},
	Date-Added = {2010-12-21 13:53:17 +0100},
	Date-Modified = {2010-12-21 13:53:17 +0100},
	Publisher = {Universal},
	Title = {Archipel 1},
	Year = {1967}}

@book{brown,
	Author = {Earl Brown},
	Date-Added = {2010-12-21 13:53:17 +0100},
	Date-Modified = {2010-12-21 13:53:17 +0100},
	Publisher = {AMP/G.Schirmer},
	Title = {December 1952},
	Year = {1952}}

@inproceedings{anon,
	Author = {Author Anonymous},
	Booktitle = {Proceedings of the {A}nonymous {C}omputer {M}usic {C}onference (ACMC)},
	Date-Added = {2010-12-21 13:53:17 +0100},
	Date-Modified = {2010-12-21 13:53:17 +0100},
	Title = {Anonymous Paper},
	Year = {0000}}

@article{baggi09b,
	Author = {Denis Baggi and Goffredo Haus},
	Date-Added = {2010-11-19 16:38:05 +0100},
	Date-Modified = {2010-11-19 16:38:05 +0100},
	Journal = {COMPUTER},
	Month = {March},
	Number = {3},
	Pages = {84--87},
	Title = {{IEEE} 1599: Music Encoding and Interaction},
	Volume = {42},
	Year = {2009}}

@article{bellini05,
	Author = {Pierfrancesco Bellini and Paolo Nesi and Giorgio Zoia},
	Date-Added = {2010-11-19 16:38:05 +0100},
	Date-Modified = {2010-11-19 16:38:05 +0100},
	Journal = {IEEE MultiMedia},
	Number = {4},
	Pages = {42--49},
	Title = {Symbolic Music Representation in {MPEG}},
	Volume = {12},
	Year = {2005}}

@incollection{haus05,
	Author = {Goffredo Haus and Luca A. Ludovico},
	Booktitle = {Computer Music Modeling and Retrieval},
	Date-Added = {2010-11-19 16:38:05 +0100},
	Date-Modified = {2010-11-19 16:38:05 +0100},
	Journal = {Lecture Notes in Computer Science},
	Pages = {330--346},
	Publisher = {Springer Berlin / Heidelberg},
	Title = {Music Segmentation: an XML-Oriented Approach},
	Volume = {3310/2005},
	Year = {2005}}

@article{hytime91,
	Address = {New York, NY, USA},
	Author = {Newcomb, Steven R. and Kipp, Neill A. and Newcomb, Victoria T.},
	Date-Added = {2010-11-19 16:38:05 +0100},
	Date-Modified = {2010-11-19 16:38:05 +0100},
	Doi = {http://doi.acm.org/10.1145/125490.125495},
	Issn = {0001-0782},
	Journal = {Communications of the ACM},
	Number = {11},
	Pages = {67--83},
	Publisher = {ACM},
	Title = {The ``{H}y{T}ime '': hypermedia/time-based document structuring language},
	Volume = {34},
	Year = {1991},
	Bdsk-Url-1 = {http://doi.acm.org/10.1145/125490.125495}}

@phdthesis{ludo06,
	Author = {Luca A. Ludovico},
	Date-Added = {2010-11-19 16:38:05 +0100},
	Date-Modified = {2010-11-19 16:38:05 +0100},
	School = {Universit{\`a} degli Study de Milano},
	Title = {An {XML} Multi-layer Framework For Music Information Description},
	Year = {2006}}

@inproceedings{sloan02,
	Author = {Donald Sloan},
	Booktitle = {Proceedings of MAX2002 - First Musical application using XML International conference},
	Date-Added = {2010-11-19 16:38:05 +0100},
	Date-Modified = {2010-11-19 16:38:05 +0100},
	Pages = {69--73},
	Title = {Learning our lessons from {SMDL}},
	Year = {2002}}

@article{sloan93,
	Author = {Donald Sloan},
	Date-Added = {2010-11-19 16:38:05 +0100},
	Date-Modified = {2010-11-19 16:38:05 +0100},
	Journal = {Computer Music Journal},
	Number = {4},
	Pages = {51--59},
	Title = {Aspects of Music Representation in {H}y{T}ime/{SMDL}},
	Volume = {17},
	Year = {1993}}

@inproceedings{Aubert:2005,
	Acmid = {1083405},
	Address = {New York, NY, USA},
	Author = {Aubert, Olivier and Pri\'{e}, Yannick},
	Booktitle = {Proceedings of the sixteenth ACM conference on Hypertext and hypermedia},
	Date-Modified = {2011-07-04 17:50:20 +0200},
	Doi = {http://doi.acm.org/10.1145/1083356.1083405},
	Isbn = {1-59593-168-6},
	Location = {Salzburg, Austria},
	Numpages = {10},
	Pages = {235--244},
	Publisher = {ACM},
	Series = {HYPERTEXT '05},
	Title = {Advene: active reading through hypervideo},
	Url = {http://doi.acm.org/10.1145/1083356.1083405},
	Year = {2005},
	Bdsk-Url-1 = {http://doi.acm.org/10.1145/1083356.1083405}}

@inproceedings{Fober:10c,
	Author = {D. Fober and C. Daudin and Y. Orlarey and S. Letz},
	Booktitle = {Proceedings of the Sound and Music Computing conference - SMC'10},
	Date-Modified = {2010-12-21 16:11:19 +0100},
	Pages = {233--140},
	Title = {INTERLUDE - A FRAMEWORK FOR AUGMENTED MUSIC SCORES},
	Year = 2010}

@comment{BibDesk Static Groups{
<?xml version="1.0" encoding="UTF-8"?>
<!DOCTYPE plist PUBLIC "-//Apple//DTD PLIST 1.0//EN" "http://www.apple.com/DTDs/PropertyList-1.0.dtd">
<plist version="1.0">
<array>
	<dict>
		<key>group name</key>
		<string>Dannenberg</string>
		<key>keys</key>
		<string>Gold2011,liang2011</string>
	</dict>
	<dict>
		<key>group name</key>
		<string>IEEE1599</string>
		<key>keys</key>
		<string>ludo06,baggi09a,haus05,baggi09b</string>
	</dict>
	<dict>
		<key>group name</key>
		<string>scores</string>
		<key>keys</key>
		<string>schnebel1969mo,quist1984indeterminate</string>
	</dict>
	<dict>
		<key>group name</key>
		<string>SMDL/Hytime</string>
		<key>keys</key>
		<string>sloan93,sloan02,hytime91</string>
	</dict>
</array>
</plist>
}}
