%% This BibTeX bibliography file was created using BibDesk.
%% http://bibdesk.sourceforge.net/


%% Created for Dominique Fober at 2010-01-08 10:31:26 +0100 


%% Saved with string encoding Unicode (UTF-8) 



@book{qt4,
	Author = {Jasmin Blanchette and Mark Summerfield},
	Date-Added = {2010-01-06 09:20:16 +0100},
	Date-Modified = {2010-01-06 09:20:16 +0100},
	Publisher = {Prentice Hall},
	Title = {C++ GUI Programming with Qt 4 (2nd Edition)},
	Year = {2008}}

@book{boucou,
	Author = {Andr{\'e} Boucourechliev},
	Date-Added = {2010-01-05 09:53:26 +0100},
	Date-Modified = {2010-01-05 16:06:53 +0100},
	Publisher = {Universal},
	Title = {Archipel 1},
	Year = {1967}}

@inproceedings{good01,
	Author = {Good, M.},
	Booktitle = {The Virtual Score},
	Date-Added = {2010-01-05 08:36:05 +0100},
	Date-Modified = {2010-01-05 08:36:05 +0100},
	Editor = {W. B. Hewlett and E. Selfridge-Field},
	Pages = {113--124},
	Publisher = {MIT Press},
	Title = {Music{XML} for {N}otation and {A}nalysis.},
	Year = {2001}}

@inproceedings{hoos98,
	Author = {Holger Hoos and Keith Hamel and Kai Renz and Juergen Kilian},
	Booktitle = {Proceedings of the International Computer Music Conference},
	Date-Added = {2010-01-05 08:36:05 +0100},
	Date-Modified = {2010-01-07 09:38:33 +0100},
	Organization = {ICMA},
	Pages = {451--454},
	Title = {The {GUIDO} {M}usic {N}otation {F}ormat - A {N}ovel {A}pproach for {A}dequately {R}epresenting {S}core-level {M}usic.},
	Year = {1998},
	Bdsk-File-1 = {YnBsaXN0MDDUAQIDBAUIJidUJHRvcFgkb2JqZWN0c1gkdmVyc2lvblkkYXJjaGl2ZXLRBgdUcm9vdIABqAkKFRYXGyIjVSRudWxs0wsMDQ4RFFpOUy5vYmplY3RzV05TLmtleXNWJGNsYXNzog8QgASABqISE4ACgAOAB1lhbGlhc0RhdGFccmVsYXRpdmVQYXRo0hgNGRpXTlMuZGF0YU8RAaIAAAAAAaIAAgAABm1hY2RvbQAAAAAAAAAAAAAAAAAAAAAAAAAAAMNjdgpIKwAAADzKLQ5pY21jOTgtZ21uLnBkZgAAAAAAAAAAAAAAAAAAAAAAAAAAAAAAAAAAAAAAAAAAAAAAAAAAAAAAAAAAAAAAAAAATgmPxY0RwQAAAAAAAAAAAAUABgAACSAAAAAAAAAAAAAAAAAAAAADZG9jAAAQAAgAAMNjZ/oAAAARAAgAAMWNA7EAAAABACAAPMotADzI+gA8ulgANYRCAAwq7AALfYgACMKNAAB5iAACAEFtYWNkb206VXNlcnM6Zm9iZXI6c3JjOmd1aWRvOnN2bjpndWlkb3NmOnRydW5rOmRvYzppY21jOTgtZ21uLnBkZgAADgAeAA4AaQBjAG0AYwA5ADgALQBnAG0AbgAuAHAAZABmAA8ADgAGAG0AYQBjAGQAbwBtABIAOlVzZXJzL2ZvYmVyL3NyYy9ndWlkby9zdm4vZ3VpZG9zZi90cnVuay9kb2MvaWNtYzk4LWdtbi5wZGYAEwABLwAAFQACAAz//wAAgAXSHB0eH1gkY2xhc3Nlc1okY2xhc3NuYW1lox8gIV1OU011dGFibGVEYXRhVk5TRGF0YVhOU09iamVjdF8QOS4uLy4uLy4uLy4uLy4uL2d1aWRvL3N2bi9ndWlkb3NmL3RydW5rL2RvYy9pY21jOTgtZ21uLnBkZtIcHSQloiUhXE5TRGljdGlvbmFyeRIAAYagXxAPTlNLZXllZEFyY2hpdmVyAAgAEQAWAB8AKAAyADUAOgA8AEUASwBSAF0AZQBsAG8AcQBzAHYAeAB6AHwAhgCTAJgAoAJGAkgCTQJWAmECZQJzAnoCgwK/AsQCxwLUAtkAAAAAAAACAQAAAAAAAAAoAAAAAAAAAAAAAAAAAAAC6w==}}

@inproceedings{Hewlett97,
	Author = {Walter B. Hewlett},
	Booktitle = {Beyond MIDI, The handbook of Musical Codes.},
	Date-Added = {2010-01-05 08:36:05 +0100},
	Date-Modified = {2010-01-05 08:36:05 +0100},
	Editor = {Selfridge-Field E.},
	Pages = {402--447},
	Publisher = {MIT Press},
	Title = {Muse{D}ata: {M}ultipurpose {R}epresentation.},
	Year = {1997}}

@inproceedings{Orlarey:97,
	Author = {Y. Orlarey and D. Fober and S. Letz},
	Booktitle = {Proceedings of the International Computer Music Conference},
	Date-Added = {2010-01-05 08:07:24 +0100},
	Date-Modified = {2010-01-05 08:07:24 +0100},
	Pages = {391--394},
	Publisher = {ICMA},
	Title = {Elody : a Java+MidiShare based Music Composition Environment},
	Year = 1997}

@inproceedings{Fober:04b,
	Author = {D. Fober and S.Letz and Y.Orlarey},
	Booktitle = {Proceedings of the first Sound and Music Computing conference - SMC'04},
	Date-Added = {2010-01-05 08:06:24 +0100},
	Date-Modified = {2010-01-05 08:06:24 +0100},
	Pages = {91--95},
	Publisher = {IRCAM},
	Title = {Open source tools for music representation and notation},
	Year = 2004}

@book{selfridge-field97,
	Date-Added = {2010-01-05 07:54:21 +0100},
	Date-Modified = {2010-01-07 09:39:44 +0100},
	Editor = {Eleanor Selfridge-Field},
	Publisher = {MIT Press},
	Title = {Beyond MIDI: the handbook of musical codes},
	Year = 1997}

@book{hewlett01,
	Date-Added = {2010-01-05 07:54:21 +0100},
	Date-Modified = {2010-01-05 07:59:33 +0100},
	Editor = {Walter B. Hewlett and Eleanor Selfridge-Field},
	Publisher = {MIT Press},
	Series = {Computing in Musicology},
	Title = {The Virtual Score; representation, retrieval and restoration},
	Year = 2001}

@book{Stone80,
	Address = {New York},
	Author = {Kurt Stone},
	Date-Added = {2010-01-05 07:52:21 +0100},
	Date-Modified = {2010-01-05 07:52:21 +0100},
	Note = {Heussenstamm writes: The most important book on notation in recent years.},
	Publisher = {Norton},
	Title = {Music Notation in the Twentieth Century},
	Year = {1980}}

@book{brown,
	Author = {Earl Brown},
	Date-Added = {2010-01-05 07:46:14 +0100},
	Date-Modified = {2010-01-05 16:00:01 +0100},
	Publisher = {AMP/G.Schirmer},
	Title = {December 1952},
	Year = {1952}}

@article{haus05,
	Author = {Goffredo Haus and Luca A. Ludovico},
	Date-Added = {2010-01-04 12:16:39 +0100},
	Date-Modified = {2010-01-04 12:16:39 +0100},
	Journal = {Lecture Notes in Computer Science},
	Pages = {330--346},
	Title = {Music Segmentation: an XML-Oriented Approach},
	Volume = {3310/2005},
	Year = {2005},
	Bdsk-File-1 = {YnBsaXN0MDDUAQIDBAUIJidUJHRvcFgkb2JqZWN0c1gkdmVyc2lvblkkYXJjaGl2ZXLRBgdUcm9vdIABqAkKFRYXGyIjVSRudWxs0wsMDQ4RFFpOUy5vYmplY3RzV05TLmtleXNWJGNsYXNzog8QgASABqISE4ACgAOAB1lhbGlhc0RhdGFccmVsYXRpdmVQYXRo0hgNGRpXTlMuZGF0YU8RAdgAAAAAAdgAAgAABm1hY2RvbQAAAAAAAAAAAAAAAAAAAAAAAAAAAMNjdgpIKwAAAHA5KBFDTU1SMjAwNF9wb3N0LnBkZgAAAAAAAAAAAAAAAAAAAAAAAAAAAAAAAAAAAAAAAAAAAAAAAAAAAAAAAAAAAAAAnjHBx0564AAAAAAAAAAAAAEAAwAACSAAAAAAAAAAAAAAAAAAAAAGcGFwZXJzABAACAAAw2Nn+gAAABEACAAAx05s0AAAAAEAJABwOSgAkKviAFnv1ABZ77IAWe+kAE5FCAALfYgACMKNAAB5iAACAFZtYWNkb206VXNlcnM6Zm9iZXI6c3JjOkludGVybHVkZTpicmFuY2hlczpwcm90bzI6ZG9jOmllZWUxNTk5OnBhcGVyczpDTU1SMjAwNF9wb3N0LnBkZgAOACQAEQBDAE0ATQBSADIAMAAwADQAXwBwAG8AcwB0AC4AcABkAGYADwAOAAYAbQBhAGMAZABvAG0AEgBPVXNlcnMvZm9iZXIvc3JjL0ludGVybHVkZS9icmFuY2hlcy9wcm90bzIvZG9jL2llZWUxNTk5L3BhcGVycy9DTU1SMjAwNF9wb3N0LnBkZgAAEwABLwAAFQACAAz//wAAgAXSHB0eH1gkY2xhc3Nlc1okY2xhc3NuYW1lox8gIV1OU011dGFibGVEYXRhVk5TRGF0YVhOU09iamVjdF8QJC4uL2llZWUxNTk5L3BhcGVycy9DTU1SMjAwNF9wb3N0LnBkZtIcHSQloiUhXE5TRGljdGlvbmFyeRIAAYagXxAPTlNLZXllZEFyY2hpdmVyAAgAEQAWAB8AKAAyADUAOgA8AEUASwBSAF0AZQBsAG8AcQBzAHYAeAB6AHwAhgCTAJgAoAJ8An4CgwKMApcCmwKpArACuQLgAuUC6AL1AvoAAAAAAAACAQAAAAAAAAAoAAAAAAAAAAAAAAAAAAADDA==}}

@article{baggi09,
	Author = {Denis Baggi and Goffredo Haus},
	Date-Added = {2010-01-04 12:16:03 +0100},
	Date-Modified = {2010-01-04 12:16:03 +0100},
	Journal = {COMPUTER},
	Month = {March},
	Number = {3},
	Pages = {84--87},
	Title = {IEEE 1599: Music Encoding and Interaction},
	Volume = {42},
	Year = {2009},
	Bdsk-File-1 = {YnBsaXN0MDDUAQIDBAUIJidUJHRvcFgkb2JqZWN0c1gkdmVyc2lvblkkYXJjaGl2ZXLRBgdUcm9vdIABqAkKFRYXGyIjVSRudWxs0wsMDQ4RFFpOUy5vYmplY3RzV05TLmtleXNWJGNsYXNzog8QgASABqISE4ACgAOAB1lhbGlhc0RhdGFccmVsYXRpdmVQYXRo0hgNGRpXTlMuZGF0YU8RAdgAAAAAAdgAAgAABm1hY2RvbQAAAAAAAAAAAAAAAAAAAAAAAAAAAMNjdgpIKwAAAHA5KBFtY28yMDA5MDMwMDg0LnBkZgAAAAAAAAAAAAAAAAAAAAAAAAAAAAAAAAAAAAAAAAAAAAAAAAAAAAAAAAAAAAAAcDkrxpDgFAAAAAAAAAAAAAEAAwAACSAAAAAAAAAAAAAAAAAAAAAGcGFwZXJzABAACAAAw2Nn+gAAABEACAAAxpDD9AAAAAEAJABwOSgAkKviAFnv1ABZ77IAWe+kAE5FCAALfYgACMKNAAB5iAACAFZtYWNkb206VXNlcnM6Zm9iZXI6c3JjOkludGVybHVkZTpicmFuY2hlczpwcm90bzI6ZG9jOmllZWUxNTk5OnBhcGVyczptY28yMDA5MDMwMDg0LnBkZgAOACQAEQBtAGMAbwAyADAAMAA5ADAAMwAwADAAOAA0AC4AcABkAGYADwAOAAYAbQBhAGMAZABvAG0AEgBPVXNlcnMvZm9iZXIvc3JjL0ludGVybHVkZS9icmFuY2hlcy9wcm90bzIvZG9jL2llZWUxNTk5L3BhcGVycy9tY28yMDA5MDMwMDg0LnBkZgAAEwABLwAAFQACAAz//wAAgAXSHB0eH1gkY2xhc3Nlc1okY2xhc3NuYW1lox8gIV1OU011dGFibGVEYXRhVk5TRGF0YVhOU09iamVjdF8QJC4uL2llZWUxNTk5L3BhcGVycy9tY28yMDA5MDMwMDg0LnBkZtIcHSQloiUhXE5TRGljdGlvbmFyeRIAAYagXxAPTlNLZXllZEFyY2hpdmVyAAgAEQAWAB8AKAAyADUAOgA8AEUASwBSAF0AZQBsAG8AcQBzAHYAeAB6AHwAhgCTAJgAoAJ8An4CgwKMApcCmwKpArACuQLgAuUC6AL1AvoAAAAAAAACAQAAAAAAAAAoAAAAAAAAAAAAAAAAAAADDA==}}

@manual{OSC,
	Author = {Matthew Wright},
	Date-Added = {2010-01-04 12:16:03 +0100},
	Date-Modified = {2010-01-08 10:31:26 +0100},
	Title = {{O}pen {S}ound {C}ontrol 1.0 {S}pecification},
	Url = {http://opensoundcontrol.org/spec-1_0},
	Year = {2002},
	Bdsk-Url-1 = {http://opensoundcontrol.org/spec-1_0}}

@article{sloan93,
	Author = {Donald Sloan},
	Date-Added = {2010-01-04 12:16:03 +0100},
	Date-Modified = {2010-01-04 12:16:03 +0100},
	Journal = {Computer Music Journal},
	Number = {4},
	Pages = {51--59},
	Title = {Aspects of Music Representation in HyTime/SMDL},
	Volume = {17},
	Year = {1993}}

@phdthesis{BIRD84,
	Author = {Bird, Donald Alvin},
	Date-Added = {2010-01-04 12:09:46 +0100},
	Date-Modified = {2010-01-04 12:09:46 +0100},
	School = {Indiana University},
	Title = {Music Notation by Computer},
	Year = {1984}}

@article{dann93b,
	Author = {R. B. Dannenberg},
	Date-Added = {2010-01-04 12:09:46 +0100},
	Date-Modified = {2010-01-04 15:51:31 +0100},
	Journal = {Computer Music Journal},
	Number = {3},
	Pages = {20-30},
	Title = {Music Representation Issues, Techniques and Systems},
	Volume = {17},
	Year = {1993}}

@phdthesis{RENZ02,
	Author = {Kai Renz},
	Date-Added = {2010-01-04 12:05:55 +0100},
	Date-Modified = {2010-01-04 12:05:55 +0100},
	School = {Technischen Universit{\"a}t Darmstadt},
	Title = {Algorithms and Data Structures for a Music Notation System based on GUIDO Music Notation},
	Year = {2002}}

@inproceedings{lilypond03,
	Author = {Han-Wen Nienhuys and Jan Nieuwenhuizen},
	Booktitle = {Proceedings of the XIV Colloquium on Musical Informatics},
	Date-Added = {2010-01-04 12:04:49 +0100},
	Date-Modified = {2010-01-04 12:04:49 +0100},
	Title = {LilyPond, a system for automated music engraving},
	Year = {2003}}

@article{KUUSK06,
	Author = {Mika Kuuskankare and Mikael Laurson},
	Date-Added = {2010-01-04 12:03:24 +0100},
	Date-Modified = {2010-01-04 12:03:24 +0100},
	Journal = {Computer Music Journal},
	Number = {4},
	Pages = {67--79},
	Title = {Expressive Notation Package},
	Volume = {30},
	Year = {2006}}

@inproceedings{Hamel98,
	Author = {Keith Hamel},
	Booktitle = {Proceedings of the International Computer Music Conference.},
	Date-Added = {2010-01-04 11:58:58 +0100},
	Date-Modified = {2010-01-04 12:02:02 +0100},
	Pages = {506--509},
	Title = {NoteAbility, A Comprehensive Music Notation System.},
	Year = {1998}}

@phdthesis{Agon98,
	Author = {Carlos Agon},
	Date-Added = {2010-01-04 11:57:20 +0100},
	Date-Modified = {2010-01-04 11:58:17 +0100},
	School = {Universit{\'e} Pierre et Marie Curie, Paris 6, France},
	Title = {OpenMusic: un langage de programmation visuelle pour la composition musicale.},
	Year = {1998}}

@article{bresson08,
	Author = {Jean Bresson and Carlos Agon},
	Date-Added = {2009-11-03 10:53:38 +0100},
	Date-Modified = {2009-11-03 10:55:33 +0100},
	Journal = {Computer Music Journal},
	Number = {4},
	Pages = {31-47},
	Title = {Scores, Programs, and Time Representation: The Sheet Object in OpenMusic},
	Volume = {32},
	Year = {2008},
	Bdsk-File-1 = {YnBsaXN0MDDUAQIDBAUIJidUJHRvcFgkb2JqZWN0c1gkdmVyc2lvblkkYXJjaGl2ZXLRBgdUcm9vdIABqAkKFRYXGyIjVSRudWxs0wsMDQ4RFFpOUy5vYmplY3RzV05TLmtleXNWJGNsYXNzog8QgASABqISE4ACgAOAB1lhbGlhc0RhdGFccmVsYXRpdmVQYXRo0hgNGRpXTlMuZGF0YU8RAdAAAAAAAdAAAgAABm1hY2RvbQAAAAAAAAAAAAAAAAAAAAAAAAAAAMNjdgpIKwAAAFaH5xRDTUotMzIwNC1wcDMxLTQ3LnBkZgAAAAAAAAAAAAAAAAAAAAAAAAAAAAAAAAAAAAAAAAAAAAAAAAAAAAAAAAAAkLZ4xxWwKgAAAAAAAAAAAAYABwAACSAAAAAAAAAAAAAAAAAAAAAGcGFwZXJzABAACAAAw2Nn+gAAABEACAAAxxWiGgAAAAEAIABWh+cAOOcOADjm/QAls9EAGimBABedFAAIwo0AAHmIAAIAUW1hY2RvbTpVc2Vyczpmb2JlcjpEb21kb2NzOklTVDpBTlIyMDA4OnN2bjpJbnRlcmx1ZGVzOnBhcGVyczpDTUotMzIwNC1wcDMxLTQ3LnBkZgAADgAqABQAQwBNAEoALQAzADIAMAA0AC0AcABwADMAMQAtADQANwAuAHAAZABmAA8ADgAGAG0AYQBjAGQAbwBtABIASlVzZXJzL2ZvYmVyL0RvbWRvY3MvSVNUL0FOUjIwMDgvc3ZuL0ludGVybHVkZXMvcGFwZXJzL0NNSi0zMjA0LXBwMzEtNDcucGRmABMAAS8AABUAAgAM//8AAIAF0hwdHh9YJGNsYXNzZXNaJGNsYXNzbmFtZaMfICFdTlNNdXRhYmxlRGF0YVZOU0RhdGFYTlNPYmplY3RfEFAuLi8uLi8uLi8uLi8uLi8uLi9Eb21kb2NzL0lTVC9BTlIyMDA4L3N2bi9JbnRlcmx1ZGVzL3BhcGVycy9DTUotMzIwNC1wcDMxLTQ3LnBkZtIcHSQloiUhXE5TRGljdGlvbmFyeRIAAYagXxAPTlNLZXllZEFyY2hpdmVyAAgAEQAWAB8AKAAyADUAOgA8AEUASwBSAF0AZQBsAG8AcQBzAHYAeAB6AHwAhgCTAJgAoAJ0AnYCewKEAo8CkwKhAqgCsQMEAwkDDAMZAx4AAAAAAAACAQAAAAAAAAAoAAAAAAAAAAAAAAAAAAADMA==}}
