%% This BibTeX bibliography file was created using BibDesk.
%% http://bibdesk.sourceforge.net/


%% Created for Dominique Fober at 2014-01-15 18:39:28 +0100 


%% Saved with string encoding Unicode (UTF-8) 



@inproceedings{fober13a,
	Abstract = {INSCORE est un environnement pour la conception de partitions musicales interactives qui int{\`e}gre un syst{\`e}me original d'interaction bas{\'e} sur des {\'e}v{\'e}nements et sur un langage de script permettant d'associer des messages arbitraires {\`a} ces {\'e}v{\'e}nements. Initialement con{\c c}u pour {\^e}tre pilot{\'e} via OSC, la version textuelle des messages OSC s'est rapidement constitu{\'e}e en format de stockage, puis {\'e}tendue en un langage de script permettant une plus grande souplesse dans la description des partitions et des interactions avec ces partitions. Cet article pr{\'e}sente ce langage de script et illustre notamment ses capacit{\'e}s {\`a} d{\'e}crire des interactions sous forme {\'e}v{\'e}nementielle, tout en restant dans l'espace temporel.},
	Author = {Dominique Fober and St{\'e}phane Letz and Yann Orlarey},
	Booktitle = {Actes des Journ{\'e}es d'Informatique Musicale JIM2013, Paris},
	Date = {2013-01-01},
	Date-Added = {2014-01-15 09:03:19 +0000},
	Date-Modified = {2014-01-15 09:03:19 +0000},
	Keywords = {interaction, score, programming, inscore, OSC},
	Title = {Programmation {\'e}v{\'e}nementielle de partitions musicales interactives.},
	Url = {jim2013_11.pdf},
	Year = {2013},
	Bdsk-Url-1 = {jim2013_11.pdf}}

@inproceedings{Fober:13b,
	Abstract = {INScore is an environment for the design of interactive music scores that includes an original event-based interaction system and a scripting language for associating arbitrary messages to these events. We extended the previous version by supporting scripting languages offering a great flexibility in the description of scores and in the interactions with scores. The textual format is directly derived from the OSC message format that was defined in the original INScore version. This article presents the scripting language and illustrates its ability to describe interactions based on events, while remaining in the temporal space. It also introduces the IRCAM gesture follower and how it is embedded into INScore to provide gestural interaction capabilities..},
	Author = {Dominique Fober and St{\'e}phane Letz and Yann Orlarey and Frederic Bevilacqua},
	Booktitle = {Proceedings of the Sound and Music Computing conference -- SMC'13},
	Date = {2013-01-01},
	Date-Added = {2014-01-15 09:02:52 +0000},
	Date-Modified = {2014-01-15 09:02:52 +0000},
	Keywords = {interaction, synchronization, music, score, graphic, programming},
	Pages = {185-190},
	Title = {Programming Interactive Music Scores with INScore},
	Url = {fober-smc2013-final.pdf},
	Year = {2013},
	Bdsk-Url-1 = {fober-smc2013-final.pdf}}

@inproceedings{Gutknecht:2005:GUR:1085939.1085980,
	Acmid = {1085980},
	Address = {Singapore, Singapore},
	Author = {Gutknecht, J\"{u}rg and Clay, Art and Frey, Thomas},
	Booktitle = {Proceedings of the 2005 conference on New interfaces for musical expression},
	Date-Added = {2013-05-31 11:29:33 +0000},
	Date-Modified = {2013-05-31 11:29:33 +0000},
	Keywords = {HCIs, mobile multimedia, score synthesis, sound art, system research, wearable computers},
	Location = {Vancouver, Canada},
	Numpages = {4},
	Pages = {148--151},
	Publisher = {National University of Singapore},
	Series = {NIME '05},
	Title = {GoingPublik: using realtime global score synthesis},
	Url = {http://dl.acm.org/citation.cfm?id=1085939.1085980},
	Year = {2005},
	Bdsk-Url-1 = {http://dl.acm.org/citation.cfm?id=1085939.1085980}}

@inproceedings{winkler2004,
	Author = {Gerhard E. Winkler},
	Booktitle = {Proceedings of the Sound and Music Computing conference - SMC'04},
	Date-Added = {2013-05-31 10:30:27 +0000},
	Date-Modified = {2013-05-31 10:33:17 +0000},
	Title = {The Realtime Score. {A} Missing Link in Computer Music Performance.},
	Year = {2004}}

@inproceedings{Kim-Boyle:2005:MSG:1085939.1086007,
	Acmid = {1086007},
	Address = {Singapore, Singapore},
	Author = {Kim-Boyle, David},
	Booktitle = {Proceedings of the 2005 conference on New interfaces for musical expression},
	Date-Added = {2013-05-31 10:17:17 +0000},
	Date-Modified = {2013-05-31 10:17:17 +0000},
	Keywords = {jitter, score generation},
	Location = {Vancouver, Canada},
	Numpages = {2},
	Pages = {238--239},
	Publisher = {National University of Singapore},
	Series = {NIME '05},
	Title = {Musical score generation in Valses and Etudes},
	Url = {http://dl.acm.org/citation.cfm?id=1085939.1086007},
	Year = {2005},
	Bdsk-Url-1 = {http://dl.acm.org/citation.cfm?id=1085939.1086007}}

@inproceedings{didkovsky2001java,
	Author = {Didkovsky, Nick and Burk, Phil},
	Booktitle = {Proceedings of the International Computer Music Conference},
	Date-Added = {2013-05-30 15:24:29 +0000},
	Date-Modified = {2013-05-30 15:24:29 +0000},
	Pages = {123--126},
	Title = {Java Music Specification Language, an introduction and overview},
	Year = {2001}}

@inproceedings{didkovsky2004recent,
	Author = {Didkovsky, Nick},
	Booktitle = {Proceedings of the 2004 international computer music conference},
	Date-Added = {2013-05-30 15:22:19 +0000},
	Date-Modified = {2013-05-30 15:22:19 +0000},
	Pages = {746--749},
	Title = {Recent Compositions and Performance Instruments Realized in the Java Music Specification Language},
	Year = {2004}}

@article{Baird2004,
	Author = {Baird, Kevin C.},
	Date-Added = {2013-05-30 14:55:40 +0000},
	Date-Modified = {2013-05-30 14:56:59 +0000},
	Journal = {Linux Journal},
	Month = {Dec.},
	Number = {128},
	Pages = {72-76},
	Title = {Generating Music Notation in Real Time.},
	Year = {2004}}

@inproceedings{guedy13a,
	Abstract = {Cet article pr{\'e}sente trois exp{\'e}riences musicales et p{\'e}dagogiques men{\'e}es {\`a} l'Atelier des Feuillantines. Elles s'inscrivent dans le cadre de divers projets nationaux comme « Interlude » ou « Musique Lab 2 ». Certains de ces projets visent {\`a} pr{\'e}figurer ce que pourrait {\^e}tre l'{\'e}coute d'une {\oe}uvre au moyen de technologies de suivi de geste, dans des contextes allant de la p{\'e}dagogie musicale aux installations grand public, d'autres sont explicitement ax{\'e}s sur le d{\'e}veloppement de nouveaux outils croisant p{\'e}dagogie et cr{\'e}ation.
Les trois exp{\'e}riences d{\'e}crites dans cet article appartiennent {\`a} deux grandes cat{\'e}gories. La premi{\`e}re concerne l'utilisation d'un outil associant des gestes, une partition et un enregistrement, la seconde consiste {\`a} jouer une {\oe}uvre, en l'occurrence ici le canon par tons de l'Offrande Musicale de Bach, et une partie de la Rousserolle Effarvatte d'Olivier Messiaen {\`a} partir de leurs constituants de base mat{\'e}rialis{\'e}s par des objets dont la manipulation co{\"\i}ncide avec des traitements reproduisant le « mouvement » de la composition.},
	Author = {Fabrice Guedy and Frederic Bevilacqua and Dominique Fober and Lo{\"\i}c Robert},
	Booktitle = {Actes des Journ{\'e}es d'Informatique Musicale JIM2013, Paris},
	Date-Added = {2013-05-24 07:52:04 +0000},
	Date-Modified = {2013-05-24 07:53:42 +0000},
	Title = {Etudier et jouer une oeuvre musicale en manipulant des objets.},
	Year = {2013}}

@inproceedings{Baird:2005:RGM:1085939.1086008,
	Acmid = {1086008},
	Address = {Singapore, Singapore},
	Author = {Baird, Kevin C.},
	Booktitle = {Proceedings of the 2005 conference on New interfaces for musical expression},
	Keywords = {audience, interactive, lilypond, notation, python, stochastic},
	Location = {Vancouver, Canada},
	Numpages = {2},
	Pages = {240--241},
	Publisher = {National University of Singapore},
	Series = {NIME '05},
	Title = {Real-time generation of music notation via audience interaction using python and GNU lilypond},
	Url = {http://dl.acm.org/citation.cfm?id=1085939.1086008},
	Year = {2005},
	Bdsk-Url-1 = {http://dl.acm.org/citation.cfm?id=1085939.1086008}}

@article{Freeman:2008:ESM:1403124.1403129,
	Acmid = {1403129},
	Address = {Cambridge, MA, USA},
	Author = {Freeman, Jason},
	Doi = {10.1162/comj.2008.32.3.25},
	Issn = {0148-9267},
	Issue_Date = {Fall 2008},
	Journal = {Comput. Music J.},
	Month = sep,
	Number = {3},
	Numpages = {17},
	Pages = {25--41},
	Publisher = {MIT Press},
	Title = {Extreme sight-reading, mediated expression, and audience participation: Real-time music notation in live performance},
	Url = {http://dx.doi.org/10.1162/comj.2008.32.3.25},
	Volume = {32},
	Year = {2008},
	Bdsk-Url-1 = {http://dx.doi.org/10.1162/comj.2008.32.3.25}}

@incollection{bevilacqua10,
	Author = {Bevilacqua, F. and Zamborlin, B. and Sypniewski, A. and Schnell, N. and Gu{\'e}dy, F. and Rasamimanana, N.},
	Booktitle = {In Embodied Communication and Human-Computer Interaction, volume 5934 of Lecture Notes in Computer Science},
	Pages = {73---84},
	Publisher = {Springer Berlin / Heidelberg},
	Title = {Continuous realtime gesture following and recognition},
	Year = {2010}}

@incollection{Bevilacqua2011,
	Author = {Bevilacqua, Fr{\'e}d{\'e}ric and Schnell, Norbert and Rasamimanana, Nicolas and Zamborlin, Bruno and Gu{\'e}dy, Fabrice},
	Booktitle = {Musical Robots and Interactive Multimodal Systems},
	Date-Added = {2013-06-03 10:25:17 +0200},
	Date-Modified = {2013-06-03 10:30:02 +0000},
	Doi = {10.1007/978-3-642-22291-7_8},
	Editor = {Solis, Jorge and Ng, Kia},
	Isbn = {978-3-642-22290-0},
	Pages = {127-142},
	Publisher = {Springer Berlin Heidelberg},
	Series = {Springer Tracts in Advanced Robotics},
	Title = {Online Gesture Analysis and Control of Audio Processing},
	Url = {http://dx.doi.org/10.1007/978-3-642-22291-7_8},
	Volume = {74},
	Year = {2011},
	Bdsk-Url-1 = {http://dx.doi.org/10.1007/978-3-642-22291-7_8}}

@article{fober12cmj,
	Author = {Dominique Fober and Yann Orlarey and St{\'e}phane Letz},
	Date-Added = {2013-02-18 14:17:51 +0000},
	Date-Modified = {2013-02-18 14:17:51 +0000},
	Journal = {(submitted to) Computer Music Journal},
	Publisher = {MIT Press},
	Title = {INScore, an Environment for Live Music Scores},
	Year = {2012}}

@inproceedings{acont08,
	Author = {Arshia Cont},
	Booktitle = {Proceedings of International Computer Music Conference},
	Date-Added = {2013-02-06 14:19:30 +0000},
	Date-Modified = {2013-02-06 14:20:30 +0000},
	Editor = {ICMA},
	Title = {ANTESCOFO: Anticipatory Synchronization and Control of Interactive Parameters in Computer Music.},
	Year = {2008}}

@phdthesis{allombert09,
	Abstract = {{Alors que la composition de musique {\'e}lectro-acoustique mobilise de plus en plus d'outils num{\'e}riques, la question de l'interpr{\'e}tation de telles pi{\`e}ces reste ouverte. La plus part du temps, ces pi{\`e}ces sont un enregistrement sur support, d'une organisation temporel d'un mat{\'e}riau sonore. Pendant l'ex{\'e}cution, l'oeuvre est simplement diffus{\'e}e et l'interpr{\`e}te peut uniquement modifier des param{\`e}tres globaux tels que le volume, la balance ou la spatialisation sur le syst{\`e}me d'{\'e}coute. Il ne peut pas interpr{\'e}ter la pi{\`e}ce au sens o{\`u} il pourrait le faire pour une partition classique. Nous souhaiterions que ce type d'interpr{\'e}tation soit possible pour les pi{\`e}ces {\'e}lectro-acoustiques. Cette possibilit{\'e} ne peut {\^e}tre posible que dans le cadre de ``partitions interactives'' capables de s'adapter {\`a} leur environnement (contr{\^o}les de l'interpr{\`e}te, autres musiciens). Dans ce contexte, la partition est ex{\'e}cut{\'e}e par la machine, ce qui conduit {\`a} s'int{\'e}resser {\`a} un probl{\`e}me diff{\'e}rent de celui du suivi de partition. Nous cherchons {\`a} {\'e}laborer un syst{\`e}me constitu{\'e} de deux parties : un environnement de composition assist{\'e}e par ordinateur permettant au compositeur de cr{\'e}er de telles partitions interactives, et une machine d'ex{\'e}cution rendant possible leur interpr{\'e}tation. L'environnement de composition doit disposer d'une repr{\'e}sentation formelle de la musique ``interpr{\'e}table''. Nous nous appuyons donc sur une formalisation de l'interpr{\'e}tation de la musique instrumentale, et cherchons alors {\`a} la g{\'e}n{\'e}raliser {\`a} des pi{\`e}ces impliquant des processus g{\'e}n{\'e}riques {\`a} la place des notes. Nous focalisons notre {\'e}tude sur un certain aspet de l'interpr{\'e}tation : les variations agogiques, c'est {\`a} dire la possibilit{\'e} pour l'interpr{\`e}te de modifier les date d'occurrence d'{\'e}v{\'e}nements discrets de la pi{\`e}ces pendant l'ex{\'e}cution. Ces modifications de dates sont accessibles grace {\`a} des ``point d'interactions'' (d{\'e}buts, fins, ou points interm{\'e}diaires) des processus, dont la position temporelle permet de contr{\^o}ler la temporalit{\'e} de la pi{\`e}ce. Mais ces possibilit{\'e}s sont encadr{\'e}es par le compositeur {\`a} la cr{\'e}ation de la partition (comme dans le cas de musique instrumentale). Ces contraintes sont le r{\'e}sultats d'une d{\'e}marche de composition, elles permettent {\'e}galement d'{\'e}viter une d{\'e}sorganisation totale de la pi{\`e}ce pendant l'ex{\'e}cution. Nous proposons une repr{\'e}sentation formelle des partitions interactives, bas{\'e}es sur des blocs 2D, telle celle des Maquettes d'OpenMusic ou des Data Structures de Pure Data. Les partitions sont des ensembles d'objets organis{\'e}s sur une ligne de temps ; ces objets sont eux-m{\^e}mes repr{\'e}sent{\'e}s comme des s{\'e}quences de points de contr{\^o}le discrets (d{\'e}but, fin et points interm{\'e}diares). Ils repr{\'e}sentent l'ex{\'e}cution de processus responsables du rendu sonore de la pi{\`e}ce (synth{\`e}se et traintement de signal ou de symboles ou m{\^e}me op{\'e}rations algorithmiques complexes). Pour d{\'e}finir les limites impos{\'e}es {\`a} l'interpr{\'e}tation, le compositeur peut poser des contraintes temporelles entre les points de contr{\^o}le de la pi{\`e}ce ; il peut ainsi imposer un ordre partiel entre les {\'e}v{\'e}nements {\`a} l'aide de contraintes qualitatives, ou utiliser des contraintes quantitatives pour limiter les valeurs possibles des intervalles de temps s{\'e}parant les points de contr{\^o}le. La partition est alors {\`a} la fois compl{\`e}tement sp{\'e}cifi{\'e}e, mais sa temporalit{\'e} reste flexible, laissant ainsi la place {\`a} l'interpr{\'e}tation. De plus, le compositeur peut d{\'e}finir certains points de contr{\^o}le comme ``interactifs'', les rendre ainsi dynamiquement d{\'e}clenchables {\`a} l'arriv{\'e}e d'{\'e}v{\'e}nements ext{\'e}rieurs, suppos{\'e}s se produire pendant l'ex{\'e}cution de la pi{\`e}ce. Ces {\'e}v{\'e}nements peuvent {\^e}tre produits par des interfaces de contr{\^o}le, ou par la d{\'e}tection de situations particuli{\`e}res dans le contexte musical. Lorsqu'une partition est interpr{\'e}t{\'e}e, la machine d'ex{\'e}cution envoie un message aux processus lorsqu'un point de contr{\^o}le doit se produire. Ceci peut {\^e}tre le fait de l'{\'e}coulement du temps pour les points non dynamiques, ou de l'arriv{\'e}e de {\'e}v{\'e}nement ext{\'e}rieur correspondant pour les points dynamiques. Le syst{\`e}me s'assure que les contraintes temporelles d{\'e}finies par le compositeur ne sont pas viol{\'e}es. Si l'arriv{\'e}e d'un {\'e}v{\'e}nement ext{\'e}rieur remet en cause la validit{\'e} de contraintes, le syst{\`e}me recalcule les dates de points de contr{\^o}le futurs pour assurer la validit{\'e} des contraintes. L'ordre entre les points peut alors {\^e}tre modifi{\'e}. Ces calculs sont effectu{\'e}s par un algorithme de propagation de contraintes. Le maintien des contraintes temporelles, peut amener le syst{\`e}me {\`a} ignorer des {\'e}v{\'e}nements ext{\'e}rieurs lorsque ceci risque de contredire des contraintes, tout comme il devra simuler l'arriv{\'e}e d'un {\'e}v{\'e}nement dans cas o{\`u} l'absence de ce dernier conduirait {\`a} violer une contrainte. Nous proposons une struture de machine abstraite capable d'ex{\'e}cuter dynamiquemenr les partitions interactives. Celle-ci est bas{\'e}e sur les r{\'e}seaux de Petri et la propagation de contraintes. Nous donnons un algorithme pour compiler les partitions depuis leur descritption formelle vers une repr{\'e}sentation ex{\'e}cutable par la machine. Nous avons {\'e}galement d{\'e}velopp{\'e} un prototype dans OpenMusic, sous la forme d'une extension des Maquettes pour l'{\'e}dition des partitions utilisant un syst{\`e}me de propagation de contraintes. Elle contient {\'e}galement un compilateur de partition et une machine d'ex{\'e}cution envoyant des messages UDP vers des applications tierces. Les partitions sont sauvergard{\'e}es grace {\`a} un format XML d'{\'e}change. Nous pr{\'e}sentons plusieurs applications du syst{\`e}me {\`a} la musique {\'e}lectro-acoustique la musique instrumentale et le th{\'e}{\^a}tre.}},
	Affiliation = {Laboratoire Bordelais de Recherche en Informatique - LaBRI , Sciences et Technologies de la Musique et du Son - STMS},
	Author = {Allombert, Antoine},
	Date-Modified = {2013-03-20 14:54:19 +0100},
	Keywords = {Informatique Musicale, Relations Temporelles, Programmation par Contraintes, Interaction},
	Month = Oct,
	Pdf = {http://tel.archives-ouvertes.fr/tel-00516350/PDF/these-antoine-allombert.pdf},
	School = {Universit\'e Bordeaux 1},
	Title = {Aspects temporels d'un syst\`eme de partitions musicales interactives pour la composition et l'ex\'ecution},
	Url = {http://tel.archives-ouvertes.fr/tel-00516350},
	Year = {2009},
	Bdsk-Url-1 = {http://tel.archives-ouvertes.fr/tel-00516350}}

@misc{dom3ev,
	Abstract = {This specification defines the Document Object Model Events Level 3, a generic platform- and language-neutral event system which allows registration of event handlers, describes event flow through a tree structure, and provides basic contextual information for each event. The Document Object Model Events Level 3 builds on the Document Object Model Events Level 2.},
	Added-At = {2009-01-14T00:43:43.000+0100},
	Author = {H\"ohrmann, Bj\"orn and {Le H\'egaret}, Philippe and Pixley, Tom},
	Biburl = {http://www.bibsonomy.org/bibtex/2d9395fd1b8119ae048acd10c99ec8a46/dret},
	Description = {dret'd bibliography},
	Howpublished = {World Wide Web Consortium, Working Draft WD-DOM-Level-3-Events-20071221},
	Interhash = {33dfb821f36ec4a799156e9e3c32bce4},
	Intrahash = {d9395fd1b8119ae048acd10c99ec8a46},
	Keywords = {imported},
	Month = {December},
	Timestamp = {2009-01-14T00:43:43.000+0100},
	Title = {Document Object Model (DOM) Level 3 Events Specification},
	Topic = {dom3[1]},
	Updates = {dom2events},
	Uri = {http://www.w3.org/TR/2007/WD-DOM-Level-3-Events-20071221},
	Year = 2007}

@article{fober12cmj1,
	Author = {Dominique Fober and Yann Orlarey and St{\'e}phane Letz},
	Date-Added = {2013-02-06 09:02:23 +0000},
	Date-Modified = {2013-02-06 09:03:06 +0000},
	Journal = {(submitted to) Computer Music Journal},
	Title = {INScore, an Environment for Live Music Scores},
	Year = {2012}}

@article{fober12cmj2,
	Author = {Dominique Fober and Frederic Bevilacqua and Roland Assous},
	Date-Added = {2012-11-21 13:52:48 +0000},
	Date-Modified = {2012-11-21 13:54:01 +0000},
	Journal = {(submitted to) Computer Music Journal},
	Title = {Formalizing Segments and their Relationships in Music, Sound and Gestures Representations},
	Year = {2012}}

@inproceedings{Fober:12a,
	Abstract = {INScore is an open source framework for the design of interactive, augmented, live music scores. Augmented music scores are graphic spaces providing representation, composition and manipulation of heterogeneous and arbitrary music objects (music scores but also images, text, signals{\ldots}), both in the graphic and time domains. INScore includes also a dynamic system for the representation of the music performance, considered as a specific sound or gesture instance of the score, and viewed as signals. It integrates an event based interaction mechanism that opens the door to original uses and designs, transforming a score as a user interface or allowing a score self-modification based on temporal events. This paper presents the system features, the underlying formalisms, and introduces the OSC based scripting language.},
	Author = {Dominique Fober and Yann Orlarey and Stephane Letz},
	Booktitle = {Proceedings of the Linux Audio Conference -- LAC 2012},
	Date = {2012-01-01},
	Date-Added = {2012-10-09 08:04:07 +0000},
	Date-Modified = {2013-04-09 15:09:42 +0000},
	Keywords = {interaction, synchronization, music, score, graphic},
	Pages = {47-54},
	Title = {INScore -- An Environment for the Design of Live Music Scores},
	Year = {2012},
	Bdsk-Url-1 = {INScore-ID12-2.pdf}}

@article{olmos12,
	Author = {Adriana Olmos and Nicolas Bouillot and Trevor Knight and Nordhal Mabire and Josh Redel and Jeremy R. Cooperstock},
	Date-Added = {2012-10-02 13:42:33 +0000},
	Date-Modified = {2012-10-02 13:44:15 +0000},
	Journal = {Computer Music Journal},
	Number = {2},
	Pages = {55-73},
	Title = {A High-Fidelity Orchestra Simulator for Individual Musicians' Practice},
	Volume = {36},
	Year = {2012}}

@inproceedings{didko08,
	Author = {Nick Didkovsky and Georg Hajdu},
	Booktitle = {Proceedings of International Computer Music Conference},
	Date-Added = {2012-09-26 13:43:44 +0000},
	Date-Modified = {2012-09-26 13:44:54 +0000},
	Editor = {ICMA},
	Title = {MAXSCORE: MUSIC NOTATION IN MAX/MSP},
	Year = {2008}}

@inproceedings{agostini12b,
	Author = {Andrea Agostini and Daniele Ghisi},
	Booktitle = {Proceedings of International Computer Music Conference},
	Date-Added = {2012-09-26 13:27:01 +0000},
	Date-Modified = {2012-09-26 13:27:01 +0000},
	Editor = {ICMA},
	Pages = {373-378},
	Title = {BACH: AN ENVIRONMENT FOR COMPUTER-AIDED COMPOSITION IN MAX},
	Year = {2012}}

@inproceedings{hajdu12,
	Author = {Georg Hajdu and Nick Didkovsky},
	Booktitle = {Proceedings of International Computer Music Conference},
	Date-Added = {2012-09-26 13:27:01 +0000},
	Date-Modified = {2012-09-26 13:27:01 +0000},
	Editor = {ICMA},
	Pages = {156-162},
	Title = {MAXSCORE -- CURRENT STATE OF THE ART},
	Year = {2012}}

@webpage{daske10,
	Author = {Martin Daske},
	Date-Added = {2012-09-21 14:59:21 +0000},
	Date-Modified = {2012-09-21 15:02:55 +0000},
	Title = {Foliants},
	Url = {http://www.tribordstudio.de/foliants%20english.htm},
	Year = {1986},
	Bdsk-Url-1 = {http://www.tribordstudio.de/foliants%20english.htm}}

@inproceedings{vickery12,
	Author = {Lindsay Vickery and Cat Hope and Stuart James},
	Booktitle = {Proceedings of International Computer Music Conference},
	Date-Added = {2012-09-21 14:52:50 +0000},
	Date-Modified = {2012-09-21 14:54:18 +0000},
	Editor = {ICMA},
	Pages = {426-432},
	Title = {Digital adaptations of the scores for Cage Variations I, II and III},
	Year = {2012}}

@misc{schnebel69,
	Author = {Dieter Schnebel},
	Date-Added = {2012-09-21 14:46:01 +0000},
	Date-Modified = {2012-09-21 14:46:46 +0000},
	Howpublished = {K{\"o}ln},
	Title = {Mo-No: Music to Read},
	Year = {1969}}

@misc{brown52,
	Author = {Earle Brown},
	Date-Added = {2012-09-21 14:40:15 +0000},
	Date-Modified = {2012-09-26 08:27:51 +0000},
	Howpublished = {Associated Music Publishers, New York},
	Title = {December 1952},
	Year = {1959}}

@book{bosseur2005,
	Address = {Paris},
	Author = {Jean Yves Bosseur},
	Date-Added = {2012-09-21 14:36:40 +0000},
	Date-Modified = {2012-09-21 14:39:19 +0000},
	Publisher = {Editions Alternatives},
	Title = {Du son au signe},
	Year = {2005}}

@webpage{pottier04,
	Author = {Laurent Pottier},
	Date-Added = {2012-09-21 14:29:00 +0000},
	Date-Modified = {2012-09-21 14:32:06 +0000},
	Title = {Analyse de {T}urenas - {J}ohn {C}howning, coll. {P}ortraits {P}olychromes, {P}aris : {INA-GRM}},
	Url = {http://www.institut-national-audiovisuel.fr/sites/ina/medias/upload/grm/portraits-polychromes/extraits/chowning/analyse/turenas/turenas_app.html},
	Year = {2004},
	Bdsk-Url-1 = {http://www.institut-national-audiovisuel.fr/sites/ina/medias/upload/grm/portraits-polychromes/extraits/chowning/analyse/turenas/turenas_app.html}}

@url{pottier12,
	Author = {Laurent Pottier},
	Date-Added = {2012-09-21 14:20:23 +0000},
	Date-Modified = {2012-09-21 14:27:10 +0000},
	Title = {Analyse de {T}urenas - {J}ohn {C}howning},
	Url = {http://www.institut-national-audiovisuel.fr/sites/ina/medias/upload/grm/portraits-polychromes/extraits/chowning/analyse/turenas/turenas_app.html},
	Urldate = {2004},
	Bdsk-Url-1 = {http://www.institut-national-audiovisuel.fr/sites/ina/medias/upload/grm/portraits-polychromes/extraits/chowning/analyse/turenas/turenas_app.html}}

@webpage{wehinger12,
	Author = {Rainer Wehinger},
	Date-Added = {2012-09-21 14:13:10 +0000},
	Date-Modified = {2012-09-26 08:28:39 +0000},
	Title = {Ligeti - {A}rtikulation : An Aural Score},
	Url = {http://www.youtube.com/watch?v=71hNl_skTZQ},
	Year = {1970},
	Bdsk-Url-1 = {http://www.youtube.com/watch?v=71hNl_skTZQ}}

@article{magnuss11,
	Author = {Thor Magnusson},
	Date-Added = {2012-09-21 14:09:28 +0000},
	Date-Modified = {2012-09-21 14:10:23 +0000},
	Journal = {Leonardo Music Journal},
	Pages = {19-23},
	Title = {Algorithms as Scores: Coding Live Music},
	Volume = {21},
	Year = {2011}}

@article{kojs11,
	Author = {Juraj Kojs},
	Date-Added = {2012-09-21 12:56:37 +0000},
	Date-Modified = {2012-09-21 13:33:36 +0000},
	Journal = {Leonardo Music Journal},
	Pages = {65-72},
	Title = {Notating Actiont-Based Music},
	Volume = {21},
	Year = {2011}}

@article{freeman11,
	Author = {Jason Freeman},
	Date-Added = {2012-09-21 12:51:42 +0000},
	Date-Modified = {2012-09-21 12:53:35 +0000},
	Journal = {Leonardo Music Journal},
	Number = {15-16},
	Title = {Bringing Instrumental Musicians into Interactive Music Systems through Notation},
	Volume = {21},
	Year = {2011}}

@inproceedings{couprie12,
	Author = {Pierre Couprie},
	Booktitle = {Actes des Journ{\'e}es d'Informatique Musicale JIM2012, Mons},
	Date-Added = {2012-09-14 20:40:38 +0200},
	Date-Modified = {2012-09-14 20:42:08 +0200},
	Editor = {Numediart},
	Pages = {183-189},
	Title = {EANALYSIS : AIDE A L'ANALYSE DE LA MUSIQUE ELECTROACOUSTIQUE},
	Year = {2012}}

@inproceedings{Essl12,
	Author = {Georg Essl},
	Booktitle = {Proceedings of International Computer Music Conference},
	Date-Added = {2012-09-12 08:17:00 +0200},
	Date-Modified = {2012-09-12 08:17:58 +0200},
	Editor = {ICMA},
	Pages = {76-83},
	Title = {PLAYING WITH TIME - MANIPULATION OF TIME AND RATE IN A MULTI-RATE SIGNAL PROCESSING PIPELINE},
	Year = {2012}}

@inproceedings{Hoadley12,
	Author = {Richard Hoadley},
	Booktitle = {Proceedings of International Computer Music Conference},
	Date-Added = {2012-09-12 08:13:43 +0200},
	Date-Modified = {2012-09-12 08:16:04 +0200},
	Editor = {ICMA},
	Pages = {188-193},
	Title = {CALDER'S VIOLIN: REAL-TIME NOTATION AND PERFORMANCE THROUGH MUSICALLY EXPRESSIVE ALGORITHMS},
	Year = {2012}}

@article{Allen:1983:MKT:182.358434,
	Acmid = {358434},
	Address = {New York, NY, USA},
	Author = {Allen, James F.},
	Doi = {http://doi.acm.org/10.1145/182.358434},
	Issn = {0001-0782},
	Issue = {11},
	Issue_Date = {Nov. 1983},
	Journal = {Commun. ACM},
	Keywords = {interval reasoning, interval representation, temporal interval},
	Month = {November},
	Numpages = {12},
	Pages = {832--843},
	Publisher = {ACM},
	Title = {Maintaining knowledge about temporal intervals},
	Url = {http://doi.acm.org/10.1145/182.358434},
	Volume = {26},
	Year = {1983},
	Bdsk-Url-1 = {http://doi.acm.org/10.1145/182.358434}}

@article{735872,
	Author = {Hoschka, P.},
	Doi = {10.1109/93.735872},
	Issn = {1070-986X},
	Journal = {Multimedia, IEEE},
	Month = {oct-dec},
	Number = {4},
	Pages = {84 -88},
	Title = {An introduction to the Synchronized Multimedia Integration Language},
	Volume = {5},
	Year = {1998},
	Bdsk-Url-1 = {http://dx.doi.org/10.1109/93.735872}}

@inproceedings{renz02b,
	Author = {Kai Renz},
	Booktitle = {Proceedings of International Computer Music Conference},
	Date-Added = {2011-04-05 10:44:51 +0200},
	Date-Modified = {2011-05-06 09:25:36 +0200},
	Pages = {475--481},
	Title = {An Improved Algorithm for Spacing a Line of Music},
	Year = {2002}}

@book{Ware:2008,
	Author = {Ware, Colin},
	Date-Added = {2011-04-04 13:47:06 +0200},
	Date-Modified = {2011-04-04 13:48:22 +0200},
	Publisher = {Morgan Kaufmann Publishers Inc.},
	Title = {Visual Thinking: For Design},
	Year = {2008}}

@inproceedings{couprie08,
	Author = {Pierre Couprie},
	Booktitle = {Actes des Journ{\'e}es d'Informatique Musicale JIM'08 - Albi},
	Date-Added = {2011-03-25 16:30:00 +0100},
	Date-Modified = {2011-03-25 16:33:19 +0100},
	Pages = {115--121},
	Title = {iAnalyse : un logiciel d'aide {\`a} l'analyse musicale.},
	Year = {2008}}

@book{Ware:2000:IVP:329554,
	Address = {San Francisco, CA, USA},
	Author = {Ware, Colin},
	Isbn = {1-55860-511-8},
	Publisher = {Morgan Kaufmann Publishers Inc.},
	Title = {Information visualization: perception for design},
	Year = {2000}}

@incollection{Card:1999:UVT:300679.300826,
	Acmid = {300826},
	Address = {San Francisco, CA, USA},
	Author = {Card, Stuart K. and Mackinlay, Jock D. and Shneiderman, Ben},
	Chapter = {Using vision to think},
	Editor = {Card, Stuart K. and Mackinlay, Jock D. and Shneiderman, Ben},
	Isbn = {1-55860-533-9},
	Numpages = {3},
	Pages = {579--581},
	Publisher = {Morgan Kaufmann Publishers Inc.},
	Title = {Readings in information visualization},
	Url = {http://portal.acm.org/citation.cfm?id=300679.300826},
	Year = {1999},
	Bdsk-Url-1 = {http://portal.acm.org/citation.cfm?id=300679.300826}}

@inproceedings{Fober:10c,
	Author = {D. Fober and C. Daudin and Y. Orlarey and S. Letz},
	Booktitle = {Proceedings of the Sound and Music Computing conference - SMC'10},
	Date-Added = {2011-03-15 17:00:17 +0100},
	Date-Modified = {2011-03-15 17:00:18 +0100},
	Pages = {233-240},
	Title = {INTERLUDE - A FRAMEWORK FOR AUGMENTED MUSIC SCORES},
	Year = {2010}}

@inproceedings{fober:10b,
	Author = {D. Fober and C. Daudin and S. Letz and Y. Orlarey},
	Booktitle = {Proceedings of the International Computer Music Conference},
	Date-Added = {2011-03-15 17:00:17 +0100},
	Date-Modified = {2011-03-15 17:09:04 +0100},
	Editor = {ICMA},
	Pages = {458-461},
	Title = {Time Synchronization in Graphic Domain - A new paradigm for Augmented Music Scores},
	Year = {2010}}

@inproceedings{fober:10a,
	Author = {D. Fober and C. Daudin and S. Letz and Y. Orlarey},
	Booktitle = {Actes des Journ{\'e}es d'Informatique Musicale JIM2010, Rennes},
	Date-Added = {2011-03-15 17:00:17 +0100},
	Date-Modified = {2011-03-15 17:00:18 +0100},
	Editor = {JIM},
	Pages = {97-103},
	Title = {Partitions musicales augment{\'e}es},
	Year = {2010}}

@inproceedings{sonic06,
	Author = {Chris Cannam and Christian Landone and Mark Sandler and Juan Pablo Bello},
	Booktitle = {Proceedings of the 7th International Conference on Music Information Retrieval},
	Date-Added = {2010-06-09 15:34:14 +0200},
	Date-Modified = {2010-06-09 15:36:18 +0200},
	Title = {The Sonic Visualiser: A Visualisation Platform for Semantic Descriptors from Musical Signals},
	Year = {2006}}

@inproceedings{anon,
	Author = {Author Anonymous},
	Booktitle = {Proceedings of the {A}nonymous {C}omputer {M}usic {C}onference (ACMC)},
	Date-Added = {2010-04-08 18:48:54 +0200},
	Date-Modified = {2010-04-09 09:33:22 +0200},
	Title = {Anonymous Paper},
	Year = {0000}}

@inproceedings{ACOUSM04,
	Author = {Yann Geslin and Adrien Lefevre},
	Booktitle = {ICMC'04: Proceedings of the International Computer Music Conference},
	Date-Added = {2010-02-15 11:43:57 +0100},
	Date-Modified = {2010-02-15 11:43:57 +0100},
	Pages = {285--289},
	Publisher = {ICMA},
	Title = {Sound and musical representation: the Acousmographe software},
	Year = {2004}}

@inproceedings{ACOUSM91,
	Author = {Olivier Koechlin and Hughes Vinet},
	Booktitle = {Proceedings of the International Computer Music Conference (ICMC'91)},
	Date-Added = {2010-02-15 11:43:57 +0100},
	Date-Modified = {2010-02-15 11:43:57 +0100},
	Pages = {586-588},
	Publisher = {ICMA},
	Title = {The Acousmographe, a Macinstosh software for the graphical representation of sounds},
	Year = {1991}}

@manual{wright02,
	Author = {Matthew Wright},
	Date-Added = {2010-02-09 14:13:47 +0100},
	Date-Modified = {2010-02-09 14:14:02 +0100},
	Title = {{O}pen {S}ound {C}ontrol 1.0 {S}pecification},
	Year = {2002},
	Bdsk-Url-1 = {http://opensoundcontrol.org/spec-1_0}}

@inproceedings{Fober:04c,
	Author = {D. Fober and S. Letz and Y. Orlarey and A. Askenfeld and K. Falkenberg Hansen and E. Schoonderwaldt},
	Booktitle = {Proceedings of the first Sound and Music Computing conference - SMC'04},
	Date-Added = {2010-02-08 18:55:03 +0100},
	Date-Modified = {2010-02-08 18:55:03 +0100},
	Pages = {97--103},
	Publisher = {IRCAM},
	Title = {IMUTUS - an Interactive Music Tuition System},
	Year = {2004}}

@inproceedings{SCHOON04,
	Author = {Erwin Schoonderwaldt and Anders Askenfelt and Kjetil Falkenberg Hansen},
	Booktitle = {Proceedings of the {I}nternational {C}onference of {I}nteractive {C}omputer {A}ided {L}earning (ICL)},
	Date-Added = {2010-02-08 18:55:03 +0100},
	Date-Modified = {2010-02-08 18:55:03 +0100},
	Location = {Villach, Austria},
	Title = {IMUTUS - an interactive system for learning to play a musical instrument},
	Year = {2004}}

@inproceedings{SCHOON05,
	Author = {Erwin Schoonderwaldt and Anders Askenfelt and Kjetil Falkenberg Hansen},
	Booktitle = {Proceedings of the International Computer Music Conference},
	Date-Added = {2010-02-08 18:55:03 +0100},
	Date-Modified = {2010-02-08 18:55:03 +0100},
	Location = {Barcelona},
	Pages = {431--434},
	Publisher = {ICMA},
	Title = {Design and implementation of automatic evaluation of recorder performance in IMUTUS.},
	Year = {2005}}

@inproceedings{SPY05,
	Author = {S. Raptis and A. Chalamandaris and A. Baxevanis and A. Askenfeld and E. Schoonderwaldt and K. Falkenberg Hansen and D. Fober and S. Letz and Y. Orlarey},
	Booktitle = {Proceedings of the International Computer Music Conference},
	Date-Added = {2010-02-08 18:55:03 +0100},
	Date-Modified = {2010-02-08 18:55:03 +0100},
	Pages = {383--386},
	Publisher = {ICMA},
	Title = {IMUTUS - An effective practicing environment for music tuition.},
	Url = {Barcelona},
	Year = {2005},
	Bdsk-Url-1 = {Barcelona}}

@inproceedings{Fober:07a,
	Author = {D. Fober and S. Letz and Y. Orlarey},
	Booktitle = {Actes des Journ{\'e}es d'Informatique Musicale JIM'07 - Lyon},
	Date-Added = {2010-02-08 18:53:58 +0100},
	Date-Modified = {2010-02-08 18:53:58 +0100},
	Editor = {Grame},
	Pages = {57--63},
	Title = {VEMUS - Une {\'e}cole de musique europ{\'e}enne virtuelle},
	Year = {2007},
	Bdsk-File-1 = {YnBsaXN0MDDUAQIDBAUGJCVYJHZlcnNpb25YJG9iamVjdHNZJGFyY2hpdmVyVCR0b3ASAAGGoKgHCBMUFRYaIVUkbnVsbNMJCgsMDxJXTlMua2V5c1pOUy5vYmplY3RzViRjbGFzc6INDoACgAOiEBGABIAFgAdccmVsYXRpdmVQYXRoWWFsaWFzRGF0YV8QQS4uLy4uLy4uLy4uLy4uLy4uL3NyYy9WZW11c0Rldi9kb2MvYXJ0aWNsZXMvdmVtdXMvdmVtdXMtamltMDcucGRm0hcLGBlXTlMuZGF0YU8RAaYAAAAAAaYAAgAABExpb24AAAAAAAAAAAAAAAAAAAAAAAAAAAAAAMsVHCRIKwAAACoRKg92ZW11cy1qaW0wNy5wZGYAAAAAAAAAAAAAAAAAAAAAAAAAAAAAAAAAAAAAAAAAAAAAAAAAAAAAAAAAAAAAAAAAKhGMw1XlSwAAAAAAAAAAAAYABgAACSAAAAAAAAAAAAAAAAAAAAAFdmVtdXMAABAACAAAyxUOFAAAABEACAAAw1XXOwAAAAEAHAAqESoAKg23ACoNowAqDZMAIDG4ABhhQwAAvyMAAgBHTGlvbjpVc2VyczoAZm9iZXI6AHNyYzoAVmVtdXNEZXY6AGRvYzoAYXJ0aWNsZXM6AHZlbXVzOgB2ZW11cy1qaW0wNy5wZGYAAA4AIAAPAHYAZQBtAHUAcwAtAGoAaQBtADAANwAuAHAAZABmAA8ACgAEAEwAaQBvAG4AEgA7VXNlcnMvZm9iZXIvc3JjL1ZlbXVzRGV2L2RvYy9hcnRpY2xlcy92ZW11cy92ZW11cy1qaW0wNy5wZGYAABMAAS8AABUAAgAM//8AAIAG0hscHR5aJGNsYXNzbmFtZVgkY2xhc3Nlc11OU011dGFibGVEYXRhox0fIFZOU0RhdGFYTlNPYmplY3TSGxwiI1xOU0RpY3Rpb25hcnmiIiBfEA9OU0tleWVkQXJjaGl2ZXLRJidUcm9vdIABAAgAEQAaACMALQAyADcAQABGAE0AVQBgAGcAagBsAG4AcQBzAHUAdwCEAI4A0gDXAN8CiQKLApACmwKkArICtgK9AsYCywLYAtsC7QLwAvUAAAAAAAACAQAAAAAAAAAoAAAAAAAAAAAAAAAAAAAC9w==}}

@inproceedings{chapuis07,
	Author = {Y. Chapuis and D. Fober and S. Letz and Y. Orlarey and C. Daudin},
	Booktitle = {Actes des Journ{\'e}es d'Informatique Musicale JIM'07 - Lyon},
	Date-Added = {2010-02-08 18:53:58 +0100},
	Date-Modified = {2010-02-08 18:53:58 +0100},
	Editor = {Grame},
	Pages = {18--27},
	Title = {Annotation de partitions musicales dynamiques},
	Year = {2007},
	Bdsk-File-1 = {YnBsaXN0MDDUAQIDBAUGJCVYJHZlcnNpb25YJG9iamVjdHNZJGFyY2hpdmVyVCR0b3ASAAGGoKgHCBMUFRYaIVUkbnVsbNMJCgsMDxJXTlMua2V5c1pOUy5vYmplY3RzViRjbGFzc6INDoACgAOiEBGABIAFgAdccmVsYXRpdmVQYXRoWWFsaWFzRGF0YV8QWC4uLy4uLy4uLy4uLy4uLy4uL3NyYy9WZW11c0Rldi9kb2MvYXJ0aWNsZXMvaGFuZHdyaXR0ZW4vUGFwaWVyVGVtcC9IYW5kd3JpdHRlbl9maW5hbC5wZGbSFwsYGVdOUy5kYXRhTxEB6AAAAAAB6AACAAAETGlvbgAAAAAAAAAAAAAAAAAAAAAAAAAAAAAAyxUcJEgrAAAAKg5nFUhhbmR3cml0dGVuX2ZpbmFsLnBkZgAAAAAAAAAAAAAAAAAAAAAAAAAAAAAAAAAAAAAAAAAAAAAAAAAAAAAAAAAqDnvDVeUwAAAAAAAAAAAABgAHAAAJIAAAAAAAAAAAAAAAAAAAAApQYXBpZXJUZW1wABAACAAAyxUOFAAAABEACAAAw1XXIAAAAAEAIAAqDmcAKg5bACoNtwAqDaMAKg2TACAxuAAYYUMAAL8jAAIAX0xpb246VXNlcnM6AGZvYmVyOgBzcmM6AFZlbXVzRGV2OgBkb2M6AGFydGljbGVzOgBoYW5kd3JpdHRlbjoAUGFwaWVyVGVtcDoASGFuZHdyaXR0ZW5fZmluYWwucGRmAAAOACwAFQBIAGEAbgBkAHcAcgBpAHQAdABlAG4AXwBmAGkAbgBhAGwALgBwAGQAZgAPAAoABABMAGkAbwBuABIAUlVzZXJzL2ZvYmVyL3NyYy9WZW11c0Rldi9kb2MvYXJ0aWNsZXMvaGFuZHdyaXR0ZW4vUGFwaWVyVGVtcC9IYW5kd3JpdHRlbl9maW5hbC5wZGYAEwABLwAAFQACAAz//wAAgAbSGxwdHlokY2xhc3NuYW1lWCRjbGFzc2VzXU5TTXV0YWJsZURhdGGjHR8gVk5TRGF0YVhOU09iamVjdNIbHCIjXE5TRGljdGlvbmFyeaIiIF8QD05TS2V5ZWRBcmNoaXZlctEmJ1Ryb290gAEACAARABoAIwAtADIANwBAAEYATQBVAGAAZwBqAGwAbgBxAHMAdQB3AIQAjgDpAO4A9gLiAuQC6QL0Av0DCwMPAxYDHwMkAzEDNANGA0kDTgAAAAAAAAIBAAAAAAAAACgAAAAAAAAAAAAAAAAAAANQ}}

@inproceedings{daudin07,
	Author = {C. Daudin and D. Fober and S. Letz and Y. Orlarey and Y. Chapuis},
	Booktitle = {Actes des Journ{\'e}es d'Informatique Musicale JIM'07 - Lyon},
	Date-Added = {2010-02-08 18:53:58 +0100},
	Date-Modified = {2010-02-08 18:53:58 +0100},
	Editor = {Grame},
	Pages = {64--72},
	Title = {Visualisation du jeu instrumental},
	Year = {2007},
	Bdsk-File-1 = {YnBsaXN0MDDUAQIDBAUGJCVYJHZlcnNpb25YJG9iamVjdHNZJGFyY2hpdmVyVCR0b3ASAAGGoKgHCBMUFRYaIVUkbnVsbNMJCgsMDxJXTlMua2V5c1pOUy5vYmplY3RzViRjbGFzc6INDoACgAOiEBGABIAFgAdccmVsYXRpdmVQYXRoWWFsaWFzRGF0YV8QQy4uLy4uLy4uLy4uLy4uLy4uL3NyYy9WZW11c0Rldi9kb2MvYXJ0aWNsZXMvY3VydmVzL2RhdWRpbi1qaW0wNy5wZGbSFwsYGVdOUy5kYXRhTxEBrAAAAAABrAACAAAETGlvbgAAAAAAAAAAAAAAAAAAAAAAAAAAAAAAyxUcJEgrAAAAKg3FEGRhdWRpbi1qaW0wNy5wZGYAAAAAAAAAAAAAAAAAAAAAAAAAAAAAAAAAAAAAAAAAAAAAAAAAAAAAAAAAAAAAAAAqDe/DVeUqAAAAAAAAAAAABgAGAAAJIAAAAAAAAAAAAAAAAAAAAAZjdXJ2ZXMAEAAIAADLFQ4UAAAAEQAIAADDVdcaAAAAAQAcACoNxQAqDbcAKg2jACoNkwAgMbgAGGFDAAC/IwACAElMaW9uOlVzZXJzOgBmb2JlcjoAc3JjOgBWZW11c0RldjoAZG9jOgBhcnRpY2xlczoAY3VydmVzOgBkYXVkaW4tamltMDcucGRmAAAOACIAEABkAGEAdQBkAGkAbgAtAGoAaQBtADAANwAuAHAAZABmAA8ACgAEAEwAaQBvAG4AEgA9VXNlcnMvZm9iZXIvc3JjL1ZlbXVzRGV2L2RvYy9hcnRpY2xlcy9jdXJ2ZXMvZGF1ZGluLWppbTA3LnBkZgAAEwABLwAAFQACAAz//wAAgAbSGxwdHlokY2xhc3NuYW1lWCRjbGFzc2VzXU5TTXV0YWJsZURhdGGjHR8gVk5TRGF0YVhOU09iamVjdNIbHCIjXE5TRGljdGlvbmFyeaIiIF8QD05TS2V5ZWRBcmNoaXZlctEmJ1Ryb290gAEACAARABoAIwAtADIANwBAAEYATQBVAGAAZwBqAGwAbgBxAHMAdQB3AIQAjgDUANkA4QKRApMCmAKjAqwCugK+AsUCzgLTAuAC4wL1AvgC/QAAAAAAAAIBAAAAAAAAACgAAAAAAAAAAAAAAAAAAAL/}}

@inproceedings{Fober:07b,
	Author = {D. Fober and S. Letz and Y. Orlarey},
	Booktitle = {Proceedings of the 4th Sound and Music Computing Conference SMC'07 - Lefkada, Greece},
	Date-Added = {2010-02-08 18:53:58 +0100},
	Date-Modified = {2010-02-08 18:53:58 +0100},
	Pages = {117--123},
	Title = {VEMUS - Feedback and Groupware Technologies for Music Instrument Learning},
	Year = {2007},
	Bdsk-File-1 = {YnBsaXN0MDDUAQIDBAUGJCVYJHZlcnNpb25YJG9iamVjdHNZJGFyY2hpdmVyVCR0b3ASAAGGoKgHCBMUFRYaIVUkbnVsbNMJCgsMDxJXTlMua2V5c1pOUy5vYmplY3RzViRjbGFzc6INDoACgAOiEBGABIAFgAdccmVsYXRpdmVQYXRoWWFsaWFzRGF0YV8QOy4uLy4uLy4uLy4uLy4uLy4uL3NyYy9WZW11c0Rldi9kb2MvYXJ0aWNsZXMvc21jMDcvdmVtdXMucGRm0hcLGBlXTlMuZGF0YU8RAY4AAAAAAY4AAgAABExpb24AAAAAAAAAAAAAAAAAAAAAAAAAAAAAAMsVHCRIKwAAACoQKgl2ZW11cy5wZGYAAAAAAAAAAAAAAAAAAAAAAAAAAAAAAAAAAAAAAAAAAAAAAAAAAAAAAAAAAAAAAAAAAAAAAAAAKhEow1XlRwAAAAAAAAAAAAYABgAACSAAAAAAAAAAAAAAAAAAAAAFc21jMDcAABAACAAAyxUOFAAAABEACAAAw1XXNwAAAAEAHAAqECoAKg23ACoNowAqDZMAIDG4ABhhQwAAvyMAAgBBTGlvbjpVc2VyczoAZm9iZXI6AHNyYzoAVmVtdXNEZXY6AGRvYzoAYXJ0aWNsZXM6AHNtYzA3OgB2ZW11cy5wZGYAAA4AFAAJAHYAZQBtAHUAcwAuAHAAZABmAA8ACgAEAEwAaQBvAG4AEgA1VXNlcnMvZm9iZXIvc3JjL1ZlbXVzRGV2L2RvYy9hcnRpY2xlcy9zbWMwNy92ZW11cy5wZGYAABMAAS8AABUAAgAM//8AAIAG0hscHR5aJGNsYXNzbmFtZVgkY2xhc3Nlc11OU011dGFibGVEYXRhox0fIFZOU0RhdGFYTlNPYmplY3TSGxwiI1xOU0RpY3Rpb25hcnmiIiBfEA9OU0tleWVkQXJjaGl2ZXLRJidUcm9vdIABAAgAEQAaACMALQAyADcAQABGAE0AVQBgAGcAagBsAG4AcQBzAHUAdwCEAI4AzADRANkCawJtAnICfQKGApQCmAKfAqgCrQK6Ar0CzwLSAtcAAAAAAAACAQAAAAAAAAAoAAAAAAAAAAAAAAAAAAAC2Q==}}

@inproceedings{sloan02,
	Author = {Donald Sloan},
	Booktitle = {Proceedings of MAX2002 - First Musical application using XML International conference},
	Date-Added = {2010-01-11 15:04:38 +0100},
	Date-Modified = {2010-01-11 15:26:52 +0100},
	Pages = {69--73},
	Title = {Learning our lessons from {SMDL}},
	Year = {2002}}

@article{bellini05,
	Author = {Pierfrancesco Bellini and Paolo Nesi and Giorgio Zoia},
	Date-Added = {2010-01-11 14:53:26 +0100},
	Date-Modified = {2010-01-11 15:24:12 +0100},
	Journal = {IEEE MultiMedia},
	Number = {4},
	Pages = {42--49},
	Title = {Symbolic Music Representation in {MPEG}},
	Volume = {12},
	Year = {2005}}

@electronic{castan,
	Author = {Gerd Castan},
	Date-Added = {2010-01-11 12:03:43 +0100},
	Date-Modified = {2010-01-11 12:06:28 +0100},
	Title = {Musical Notation Codes},
	Url = {http://www.music-notation.info/en/compmus/notationformats.html},
	Bdsk-Url-1 = {http://www.music-notation.info/en/compmus/notationformats.html}}

@book{boul2000,
	Date-Added = {2010-01-11 11:52:38 +0100},
	Date-Modified = {2010-01-11 15:24:55 +0100},
	Editor = {Richard Boulanger},
	Publisher = {MIT Press},
	Title = {The {C}sound Book},
	Year = {2000}}

@article{Loy85,
	Author = {D. G. Loy},
	Date-Added = {2010-01-11 11:50:11 +0100},
	Date-Modified = {2010-01-11 15:25:55 +0100},
	Journal = {Computer Music Journal},
	Number = {4},
	Pages = {8--25},
	Title = {Musicians Make a Standard: The {MIDI} Phenomenon.},
	Volume = {9},
	Year = {1985}}

@article{saol99,
	Author = {Eric D. Scheirer and Barry L. Vercoe},
	Date-Added = {2010-01-11 11:41:38 +0100},
	Date-Modified = {2010-01-11 15:26:32 +0100},
	Journal = {Computer Music Journal},
	Number = {2},
	Pages = {31--51},
	Title = {{SAOL}: The {MPEG}-4 Structured Audio Orchestra Language},
	Volume = {23},
	Year = {1999}}

@inbook{Letz:04a,
	Author = {S.Letz and D. Fober and Y.Orlarey},
	Booktitle = {Informatique musicale : du signal au signe musical},
	Date-Added = {2010-01-11 11:34:45 +0100},
	Date-Modified = {2010-01-11 15:25:35 +0100},
	Publisher = {Hermes},
	Title = {Les normes {MIDI} et {MIDIF}iles},
	Year = 2004}

@inproceedings{SCORE,
	Author = {Leland, Smith},
	Booktitle = {Beyond MIDI, The handbook of Musical Codes.},
	Date-Added = {2010-01-11 11:30:59 +0100},
	Date-Modified = {2010-01-11 11:30:59 +0100},
	Pages = {252--280},
	Publisher = {MIT Press},
	Title = {Score},
	Year = {1997}}

@inproceedings{darms,
	Author = {Selfridge-Field, E.},
	Booktitle = {Beyond MIDI, The handbook of Musical Codes.},
	Date-Added = {2010-01-11 11:29:37 +0100},
	Date-Modified = {2010-01-11 11:29:37 +0100},
	Pages = {163--174},
	Publisher = {MIT Press},
	Title = {{DARMS}, {I}ts {D}ialiects, and {I}ts {U}ses},
	Year = {1997}}

@inproceedings{dann89,
	Author = {Roger B. Dannenberg},
	Booktitle = {Proceedings of the International Computer Music Conference},
	Date-Added = {2010-01-11 11:06:00 +0100},
	Date-Modified = {2010-01-11 12:24:46 +0100},
	Pages = {73--75},
	Title = {Music Representation Issues: A Position paper},
	Year = {1989}}

@phdthesis{ludo06,
	Author = {Luca A. Ludovico},
	Date-Added = {2010-01-08 18:34:38 +0100},
	Date-Modified = {2010-01-11 15:22:49 +0100},
	School = {Universit{\`a} degli Study de Milano},
	Title = {An {XML} Multi-layer Framework For Music Information Description},
	Year = {2006},
	Bdsk-File-1 = {YnBsaXN0MDDUAQIDBAUGJCVYJHZlcnNpb25YJG9iamVjdHNZJGFyY2hpdmVyVCR0b3ASAAGGoKgHCBMUFRYaIVUkbnVsbNMJCgsMDxJXTlMua2V5c1pOUy5vYmplY3RzViRjbGFzc6INDoACgAOiEBGABIAFgAdccmVsYXRpdmVQYXRoWWFsaWFzRGF0YV8Qcy4uLy4uLy4uLy4uLy4uLy4uLy4uLy4uL1ZvbHVtZXMvbWFjZG9tL1VzZXJzL2ZvYmVyL3NyYy9JTlNjb3JlL3N2bi9icmFuY2hlcy9zeW5jL2RvYy9wYXBlcnMvcGhkX3RoZXNpcy1sdWRvdmljby5wZGbSFwsYGVdOUy5kYXRhTxEB8AAAAAAB8AACAAAGbWFjZG9tAAAAAAAAAAAAAAAAAAAAAAAAAAAAw2N2CkgrAAAAnzi7F3BoZF90aGVzaXMtbHVkb3ZpY28ucGRmAAAAAAAAAAAAAAAAAAAAAAAAAAAAAAAAAAAAAAAAAAAAAAAAAAAAAACf8NLHbSqoAAAAAAAAAAD/////AAAJAAAAAAAAAAAAAAAAAAAAAAZwYXBlcnMAEAAIAADDY2f6AAAAEQAIAADHbRyYAAAAAQAkAJ84uwCkS4kApErTAFnvpADUoLUATkUIAAt9iAAIwo0AAHmIAAIAXG1hY2RvbTpVc2VyczoAZm9iZXI6AHNyYzoASU5TY29yZToAc3ZuOgBicmFuY2hlczoAc3luYzoAZG9jOgBwYXBlcnM6AHBoZF90aGVzaXMtbHVkb3ZpY28ucGRmAA4AMAAXAHAAaABkAF8AdABoAGUAcwBpAHMALQBsAHUAZABvAHYAaQBjAG8ALgBwAGQAZgAPAA4ABgBtAGEAYwBkAG8AbQASAE0vVXNlcnMvZm9iZXIvc3JjL0lOU2NvcmUvc3ZuL2JyYW5jaGVzL3N5bmMvZG9jL3BhcGVycy9waGRfdGhlc2lzLWx1ZG92aWNvLnBkZgAAEwAPL1ZvbHVtZXMvbWFjZG9tAP//AACABtIbHB0eWiRjbGFzc25hbWVYJGNsYXNzZXNdTlNNdXRhYmxlRGF0YaMdHyBWTlNEYXRhWE5TT2JqZWN00hscIiNcTlNEaWN0aW9uYXJ5oiIgXxAPTlNLZXllZEFyY2hpdmVy0SYnVHJvb3SAAQAIABEAGgAjAC0AMgA3AEAARgBNAFUAYABnAGoAbABuAHEAcwB1AHcAhACOAQQBCQERAwUDBwMMAxcDIAMuAzIDOQNCA0cDVANXA2kDbANxAAAAAAAAAgEAAAAAAAAAKAAAAAAAAAAAAAAAAAAAA3M=}}

@article{baggi09a,
	Author = {Denis L. Baggy},
	Date-Added = {2010-01-08 15:18:27 +0100},
	Date-Modified = {2010-01-11 15:22:12 +0100},
	Journal = {Journal of Multimedia},
	Month = {February},
	Number = {1},
	Pages = {3--8},
	Title = {The New Standard {IEEE} 1599, Introduction and Examples},
	Volume = {4},
	Year = {2009},
	Bdsk-File-1 = {YnBsaXN0MDDUAQIDBAUGJCVYJHZlcnNpb25YJG9iamVjdHNZJGFyY2hpdmVyVCR0b3ASAAGGoKgHCBMUFRYaIVUkbnVsbNMJCgsMDxJXTlMua2V5c1pOUy5vYmplY3RzViRjbGFzc6INDoACgAOiEBGABIAFgAdccmVsYXRpdmVQYXRoWWFsaWFzRGF0YV8QdC4uLy4uLy4uLy4uLy4uLy4uLy4uLy4uL1ZvbHVtZXMvbWFjZG9tL1VzZXJzL2ZvYmVyL3NyYy9JTlNjb3JlL3N2bi9icmFuY2hlcy9zeW5jL2RvYy9pZWVlMTU5OS9wYXBlcnMvam1tMDQwMTAzMDgucGRm0hcLGBlXTlMuZGF0YU8RAeYAAAAAAeYAAgAABm1hY2RvbQAAAAAAAAAAAAAAAAAAAAAAAAAAAMNjdgpIKwAAAHA5KA9qbW0wNDAxMDMwOC5wZGYAAAAAAAAAAAAAAAAAAAAAAAAAAAAAAAAAAAAAAAAAAAAAAAAAAAAAAAAAAAAAAAAAcDkpxpDfmgAAAAAAAAAA/////wAACQAAAAAAAAAAAAAAAAAAAAAGcGFwZXJzABAACAAAw2Nn+gAAABEACAAAxpDDegAAAAEAKABwOSgApE0PAKRLiQCkStMAWe+kANSgtQBORQgAC32IAAjCjQAAeYgAAgBebWFjZG9tOlVzZXJzOgBmb2JlcjoAc3JjOgBJTlNjb3JlOgBzdm46AGJyYW5jaGVzOgBzeW5jOgBkb2M6AGllZWUxNTk5OgBwYXBlcnM6AGptbTA0MDEwMzA4LnBkZgAOACAADwBqAG0AbQAwADQAMAAxADAAMwAwADgALgBwAGQAZgAPAA4ABgBtAGEAYwBkAG8AbQASAE4vVXNlcnMvZm9iZXIvc3JjL0lOU2NvcmUvc3ZuL2JyYW5jaGVzL3N5bmMvZG9jL2llZWUxNTk5L3BhcGVycy9qbW0wNDAxMDMwOC5wZGYAEwAPL1ZvbHVtZXMvbWFjZG9tAP//AACABtIbHB0eWiRjbGFzc25hbWVYJGNsYXNzZXNdTlNNdXRhYmxlRGF0YaMdHyBWTlNEYXRhWE5TT2JqZWN00hscIiNcTlNEaWN0aW9uYXJ5oiIgXxAPTlNLZXllZEFyY2hpdmVy0SYnVHJvb3SAAQAIABEAGgAjAC0AMgA3AEAARgBNAFUAYABnAGoAbABuAHEAcwB1AHcAhACOAQUBCgESAvwC/gMDAw4DFwMlAykDMAM5Az4DSwNOA2ADYwNoAAAAAAAAAgEAAAAAAAAAKAAAAAAAAAAAAAAAAAAAA2o=}}

@book{qt4,
	Author = {Jasmin Blanchette and Mark Summerfield},
	Date-Added = {2010-01-06 09:20:16 +0100},
	Date-Modified = {2010-01-11 15:26:08 +0100},
	Publisher = {Prentice Hall},
	Title = {C++ {GUI} Programming with Qt 4 (2nd Edition)},
	Year = {2008}}

@book{boucou,
	Author = {Andr{\'e} Boucourechliev},
	Date-Added = {2010-01-05 09:53:26 +0100},
	Date-Modified = {2010-01-05 16:06:53 +0100},
	Publisher = {Universal},
	Title = {Archipel 1},
	Year = {1967}}

@inproceedings{good01,
	Author = {Good, M.},
	Booktitle = {The Virtual Score},
	Date-Added = {2010-01-05 08:36:05 +0100},
	Date-Modified = {2010-01-05 08:36:05 +0100},
	Editor = {W. B. Hewlett and E. Selfridge-Field},
	Pages = {113--124},
	Publisher = {MIT Press},
	Title = {Music{XML} for {N}otation and {A}nalysis.},
	Year = {2001}}

@inproceedings{hoos98,
	Author = {H. Hoos and K. Hamel and K. Renz and J. Kilian},
	Booktitle = {Proceedings of the International Computer Music Conference},
	Date-Added = {2010-01-05 08:36:05 +0100},
	Date-Modified = {2012-01-19 10:15:03 +0100},
	Organization = {ICMA},
	Pages = {451--454},
	Title = {The {GUIDO} {M}usic {N}otation {F}ormat - A {N}ovel {A}pproach for {A}dequately {R}epresenting {S}core-level {M}usic.},
	Year = {1998},
	Bdsk-File-1 = {YnBsaXN0MDDUAQIDBAUGJCVYJHZlcnNpb25YJG9iamVjdHNZJGFyY2hpdmVyVCR0b3ASAAGGoKgHCBMUFRYaIVUkbnVsbNMJCgsMDxJXTlMua2V5c1pOUy5vYmplY3RzViRjbGFzc6INDoACgAOiEBGABIAFgAdccmVsYXRpdmVQYXRoWWFsaWFzRGF0YV8QPS4uLy4uLy4uLy4uLy4uL3NyYy9ndWlkby9zdm4vZ3VpZG9zZi90cnVuay9kb2MvaWNtYzk4LWdtbi5wZGbSFwsYGVdOUy5kYXRhTxEBvAAAAAABvAACAAAMTWFjaW50b3NoIEhEAAAAAAAAAAAAAAAAAAAAzWUY6kgrAAAAFEoLDmljbWM5OC1nbW4ucGRmAAAAAAAAAAAAAAAAAAAAAAAAAAAAAAAAAAAAAAAAAAAAAAAAAAAAAAAAAAAAAAAAAAAUS2vFlhfkAAAAAAAAAAAABQAHAAAJIAAAAAAAAAAAAAAAAAAAAANkb2MAABAACAAAzWUK2gAAABEACAAAxZYJ1AAAAAEAIAAUSgsAFEmrABOhWgATjHQAE1tSABKb3QALhLwAAhDpAAIAT01hY2ludG9zaCBIRDpVc2VyczoAZm9iZXI6AHNyYzoAZ3VpZG86AHN2bjoAZ3VpZG9zZjoAdHJ1bms6AGRvYzoAaWNtYzk4LWdtbi5wZGYAAA4AHgAOAGkAYwBtAGMAOQA4AC0AZwBtAG4ALgBwAGQAZgAPABoADABNAGEAYwBpAG4AdABvAHMAaAAgAEgARAASADpVc2Vycy9mb2Jlci9zcmMvZ3VpZG8vc3ZuL2d1aWRvc2YvdHJ1bmsvZG9jL2ljbWM5OC1nbW4ucGRmABMAAS8AABUAAgAM//8AAIAG0hscHR5aJGNsYXNzbmFtZVgkY2xhc3Nlc11OU011dGFibGVEYXRhox0fIFZOU0RhdGFYTlNPYmplY3TSGxwiI1xOU0RpY3Rpb25hcnmiIiBfEA9OU0tleWVkQXJjaGl2ZXLRJidUcm9vdIABAAgAEQAaACMALQAyADcAQABGAE0AVQBgAGcAagBsAG4AcQBzAHUAdwCEAI4AzgDTANsCmwKdAqICrQK2AsQCyALPAtgC3QLqAu0C/wMCAwcAAAAAAAACAQAAAAAAAAAoAAAAAAAAAAAAAAAAAAADCQ==}}

@inproceedings{Hewlett97,
	Author = {Walter B. Hewlett},
	Booktitle = {Beyond MIDI, The handbook of Musical Codes.},
	Date-Added = {2010-01-05 08:36:05 +0100},
	Date-Modified = {2010-01-05 08:36:05 +0100},
	Editor = {Selfridge-Field E.},
	Pages = {402--447},
	Publisher = {MIT Press},
	Title = {Muse{D}ata: {M}ultipurpose {R}epresentation.},
	Year = {1997}}

@inproceedings{Orlarey:97,
	Author = {Y. Orlarey and D. Fober and S. Letz},
	Booktitle = {Proceedings of the International Computer Music Conference},
	Date-Added = {2010-01-05 08:07:24 +0100},
	Date-Modified = {2010-01-05 08:07:24 +0100},
	Pages = {391--394},
	Publisher = {ICMA},
	Title = {Elody : a Java+MidiShare based Music Composition Environment},
	Year = 1997}

@inproceedings{Fober:04b,
	Author = {D. Fober and S.Letz and Y.Orlarey},
	Booktitle = {Proceedings of the first Sound and Music Computing conference - SMC'04},
	Date-Added = {2010-01-05 08:06:24 +0100},
	Date-Modified = {2010-01-05 08:06:24 +0100},
	Pages = {91--95},
	Publisher = {IRCAM},
	Title = {Open source tools for music representation and notation},
	Year = 2004}

@book{selfridge-field97,
	Date-Added = {2010-01-05 07:54:21 +0100},
	Date-Modified = {2010-01-11 15:26:43 +0100},
	Editor = {Eleanor Selfridge-Field},
	Publisher = {MIT Press},
	Title = {Beyond {MIDI}: the handbook of musical codes},
	Year = 1997}

@book{hewlett01,
	Date-Added = {2010-01-05 07:54:21 +0100},
	Date-Modified = {2010-01-05 07:59:33 +0100},
	Editor = {Walter B. Hewlett and Eleanor Selfridge-Field},
	Publisher = {MIT Press},
	Series = {Computing in Musicology},
	Title = {The Virtual Score; representation, retrieval and restoration},
	Year = 2001}

@book{Stone80,
	Address = {New York},
	Author = {Kurt Stone},
	Date-Added = {2010-01-05 07:52:21 +0100},
	Date-Modified = {2010-01-05 07:52:21 +0100},
	Note = {Heussenstamm writes: The most important book on notation in recent years.},
	Publisher = {Norton},
	Title = {Music Notation in the Twentieth Century},
	Year = {1980}}

@book{brown,
	Author = {Earl Brown},
	Date-Added = {2010-01-05 07:46:14 +0100},
	Date-Modified = {2010-01-05 16:00:01 +0100},
	Publisher = {AMP/G.Schirmer},
	Title = {December 1952},
	Year = {1952}}

@incollection{haus05,
	Author = {Goffredo Haus and Luca A. Ludovico},
	Booktitle = {Computer Music Modeling and Retrieval},
	Date-Added = {2010-01-04 12:16:39 +0100},
	Date-Modified = {2010-01-08 15:23:27 +0100},
	Journal = {Lecture Notes in Computer Science},
	Pages = {330--346},
	Publisher = {Springer Berlin / Heidelberg},
	Title = {Music Segmentation: an XML-Oriented Approach},
	Volume = {3310/2005},
	Year = {2005},
	Bdsk-File-1 = {YnBsaXN0MDDUAQIDBAUGJCVYJHZlcnNpb25YJG9iamVjdHNZJGFyY2hpdmVyVCR0b3ASAAGGoKgHCBMUFRYaIVUkbnVsbNMJCgsMDxJXTlMua2V5c1pOUy5vYmplY3RzViRjbGFzc6INDoACgAOiEBGABIAFgAdccmVsYXRpdmVQYXRoWWFsaWFzRGF0YV8Qdi4uLy4uLy4uLy4uLy4uLy4uLy4uLy4uL1ZvbHVtZXMvbWFjZG9tL1VzZXJzL2ZvYmVyL3NyYy9JTlNjb3JlL3N2bi9icmFuY2hlcy9zeW5jL2RvYy9pZWVlMTU5OS9wYXBlcnMvQ01NUjIwMDRfcG9zdC5wZGbSFwsYGVdOUy5kYXRhTxEB7gAAAAAB7gACAAAGbWFjZG9tAAAAAAAAAAAAAAAAAAAAAAAAAAAAw2N2CkgrAAAAcDkoEUNNTVIyMDA0X3Bvc3QucGRmAAAAAAAAAAAAAAAAAAAAAAAAAAAAAAAAAAAAAAAAAAAAAAAAAAAAAAAAAAAAAACeMcHHTnrgAAAAAAAAAAD/////AAAJAAAAAAAAAAAAAAAAAAAAAAZwYXBlcnMAEAAIAADDY2f6AAAAEQAIAADHTmzQAAAAAQAoAHA5KACkTQ8ApEuJAKRK0wBZ76QA1KC1AE5FCAALfYgACMKNAAB5iAACAGBtYWNkb206VXNlcnM6AGZvYmVyOgBzcmM6AElOU2NvcmU6AHN2bjoAYnJhbmNoZXM6AHN5bmM6AGRvYzoAaWVlZTE1OTk6AHBhcGVyczoAQ01NUjIwMDRfcG9zdC5wZGYADgAkABEAQwBNAE0AUgAyADAAMAA0AF8AcABvAHMAdAAuAHAAZABmAA8ADgAGAG0AYQBjAGQAbwBtABIAUC9Vc2Vycy9mb2Jlci9zcmMvSU5TY29yZS9zdm4vYnJhbmNoZXMvc3luYy9kb2MvaWVlZTE1OTkvcGFwZXJzL0NNTVIyMDA0X3Bvc3QucGRmABMADy9Wb2x1bWVzL21hY2RvbQD//wAAgAbSGxwdHlokY2xhc3NuYW1lWCRjbGFzc2VzXU5TTXV0YWJsZURhdGGjHR8gVk5TRGF0YVhOU09iamVjdNIbHCIjXE5TRGljdGlvbmFyeaIiIF8QD05TS2V5ZWRBcmNoaXZlctEmJ1Ryb290gAEACAARABoAIwAtADIANwBAAEYATQBVAGAAZwBqAGwAbgBxAHMAdQB3AIQAjgEHAQwBFAMGAwgDDQMYAyEDLwMzAzoDQwNIA1UDWANqA20DcgAAAAAAAAIBAAAAAAAAACgAAAAAAAAAAAAAAAAAAAN0}}

@article{baggi09b,
	Author = {Denis Baggi and Goffredo Haus},
	Date-Added = {2010-01-04 12:16:03 +0100},
	Date-Modified = {2010-01-11 15:22:59 +0100},
	Journal = {COMPUTER},
	Month = {March},
	Number = {3},
	Pages = {84--87},
	Title = {{IEEE} 1599: Music Encoding and Interaction},
	Volume = {42},
	Year = {2009},
	Bdsk-File-1 = {YnBsaXN0MDDUAQIDBAUGJCVYJHZlcnNpb25YJG9iamVjdHNZJGFyY2hpdmVyVCR0b3ASAAGGoKgHCBMUFRYaIVUkbnVsbNMJCgsMDxJXTlMua2V5c1pOUy5vYmplY3RzViRjbGFzc6INDoACgAOiEBGABIAFgAdccmVsYXRpdmVQYXRoWWFsaWFzRGF0YV8Qdi4uLy4uLy4uLy4uLy4uLy4uLy4uLy4uL1ZvbHVtZXMvbWFjZG9tL1VzZXJzL2ZvYmVyL3NyYy9JTlNjb3JlL3N2bi9icmFuY2hlcy9zeW5jL2RvYy9pZWVlMTU5OS9wYXBlcnMvbWNvMjAwOTAzMDA4NC5wZGbSFwsYGVdOUy5kYXRhTxEB7gAAAAAB7gACAAAGbWFjZG9tAAAAAAAAAAAAAAAAAAAAAAAAAAAAw2N2CkgrAAAAcDkoEW1jbzIwMDkwMzAwODQucGRmAAAAAAAAAAAAAAAAAAAAAAAAAAAAAAAAAAAAAAAAAAAAAAAAAAAAAAAAAAAAAABwOSvGkOAUAAAAAAAAAAD/////AAAJAAAAAAAAAAAAAAAAAAAAAAZwYXBlcnMAEAAIAADDY2f6AAAAEQAIAADGkMP0AAAAAQAoAHA5KACkTQ8ApEuJAKRK0wBZ76QA1KC1AE5FCAALfYgACMKNAAB5iAACAGBtYWNkb206VXNlcnM6AGZvYmVyOgBzcmM6AElOU2NvcmU6AHN2bjoAYnJhbmNoZXM6AHN5bmM6AGRvYzoAaWVlZTE1OTk6AHBhcGVyczoAbWNvMjAwOTAzMDA4NC5wZGYADgAkABEAbQBjAG8AMgAwADAAOQAwADMAMAAwADgANAAuAHAAZABmAA8ADgAGAG0AYQBjAGQAbwBtABIAUC9Vc2Vycy9mb2Jlci9zcmMvSU5TY29yZS9zdm4vYnJhbmNoZXMvc3luYy9kb2MvaWVlZTE1OTkvcGFwZXJzL21jbzIwMDkwMzAwODQucGRmABMADy9Wb2x1bWVzL21hY2RvbQD//wAAgAbSGxwdHlokY2xhc3NuYW1lWCRjbGFzc2VzXU5TTXV0YWJsZURhdGGjHR8gVk5TRGF0YVhOU09iamVjdNIbHCIjXE5TRGljdGlvbmFyeaIiIF8QD05TS2V5ZWRBcmNoaXZlctEmJ1Ryb290gAEACAARABoAIwAtADIANwBAAEYATQBVAGAAZwBqAGwAbgBxAHMAdQB3AIQAjgEHAQwBFAMGAwgDDQMYAyEDLwMzAzoDQwNIA1UDWANqA20DcgAAAAAAAAIBAAAAAAAAACgAAAAAAAAAAAAAAAAAAAN0}}

@manual{OSC,
	Author = {Matthew Wright},
	Date-Added = {2010-01-04 12:16:03 +0100},
	Date-Modified = {2013-02-06 13:12:24 +0000},
	Title = {{O}pen {S}ound {C}ontrol 1.0 {S}pecification},
	Url = {http://opensoundcontrol.org/spec-1\_0},
	Year = {2002},
	Bdsk-Url-1 = {http://opensoundcontrol.org/spec-1_0}}

@article{sloan93,
	Author = {Donald Sloan},
	Date-Added = {2010-01-04 12:16:03 +0100},
	Date-Modified = {2010-01-11 15:23:44 +0100},
	Journal = {Computer Music Journal},
	Number = {4},
	Pages = {51--59},
	Title = {Aspects of Music Representation in {H}y{T}ime/{SMDL}},
	Volume = {17},
	Year = {1993}}

@phdthesis{BIRD84,
	Author = {Bird, Donald Alvin},
	Date-Added = {2010-01-04 12:09:46 +0100},
	Date-Modified = {2010-01-04 12:09:46 +0100},
	School = {Indiana University},
	Title = {Music Notation by Computer},
	Year = {1984}}

@article{dann93b,
	Author = {R. B. Dannenberg},
	Date-Added = {2010-01-04 12:09:46 +0100},
	Date-Modified = {2010-01-04 15:51:31 +0100},
	Journal = {Computer Music Journal},
	Number = {3},
	Pages = {20-30},
	Title = {Music Representation Issues, Techniques and Systems},
	Volume = {17},
	Year = {1993}}

@phdthesis{RENZ02,
	Author = {Kai Renz},
	Date-Added = {2010-01-04 12:05:55 +0100},
	Date-Modified = {2010-01-11 15:26:17 +0100},
	School = {Technischen Universit{\"a}t Darmstadt},
	Title = {Algorithms and Data Structures for a Music Notation System based on {GUIDO} Music Notation},
	Year = {2002}}

@inproceedings{lilypond03,
	Author = {Han-Wen Nienhuys and Jan Nieuwenhuizen},
	Booktitle = {Proceedings of the XIV Colloquium on Musical Informatics},
	Date-Added = {2010-01-04 12:04:49 +0100},
	Date-Modified = {2010-01-11 15:25:46 +0100},
	Title = {Lily{P}ond, a system for automated music engraving},
	Year = {2003}}

@article{KUUSK06,
	Author = {Mika Kuuskankare and Mikael Laurson},
	Date-Added = {2010-01-04 12:03:24 +0100},
	Date-Modified = {2010-01-04 12:03:24 +0100},
	Journal = {Computer Music Journal},
	Number = {4},
	Pages = {67--79},
	Title = {Expressive Notation Package},
	Volume = {30},
	Year = {2006}}

@inproceedings{Hamel98,
	Author = {Keith Hamel},
	Booktitle = {Proceedings of the International Computer Music Conference.},
	Date-Added = {2010-01-04 11:58:58 +0100},
	Date-Modified = {2010-01-11 15:25:11 +0100},
	Pages = {506--509},
	Title = {Note{A}bility, A Comprehensive Music Notation System.},
	Year = {1998}}

@phdthesis{Agon98,
	Author = {Carlos Agon},
	Date-Added = {2010-01-04 11:57:20 +0100},
	Date-Modified = {2010-01-04 11:58:17 +0100},
	School = {Universit{\'e} Pierre et Marie Curie, Paris 6, France},
	Title = {OpenMusic: un langage de programmation visuelle pour la composition musicale.},
	Year = {1998}}

@article{bresson08,
	Author = {Jean Bresson and Carlos Agon},
	Date-Added = {2009-11-03 10:53:38 +0100},
	Date-Modified = {2009-11-03 10:55:33 +0100},
	Journal = {Computer Music Journal},
	Number = {4},
	Pages = {31-47},
	Title = {Scores, Programs, and Time Representation: The Sheet Object in OpenMusic},
	Volume = {32},
	Year = {2008},
	Bdsk-File-1 = {YnBsaXN0MDDUAQIDBAUGJCVYJHZlcnNpb25YJG9iamVjdHNZJGFyY2hpdmVyVCR0b3ASAAGGoKgHCBMUFRYaIVUkbnVsbNMJCgsMDxJXTlMua2V5c1pOUy5vYmplY3RzViRjbGFzc6INDoACgAOiEBGABIAFgAdccmVsYXRpdmVQYXRoWWFsaWFzRGF0YV8QTC4uLy4uLy4uLy4uLy4uL0RvbWRvY3MvSVNUL0FOUjIwMDgvc3ZuL0ludGVybHVkZXMvZXR1ZGUvQ01KLTMyMDQtcHAzMS00Ny5wZGbSFwsYGVdOUy5kYXRhTxEB6AAAAAAB6AACAAAMTWFjaW50b3NoIEhEAAAAAAAAAAAAAAAAAAAAzWUY6kgrAAAADw13FENNSi0zMjA0LXBwMzEtNDcucGRmAAAAAAAAAAAAAAAAAAAAAAAAAAAAAAAAAAAAAAAAAAAAAAAAAAAAAAAAAAAPDXnHFbAqAAAAAAAAAAAABQAHAAAJIAAAAAAAAAAAAAAAAAAAAAVldHVkZQAAEAAIAADNZQraAAAAEQAIAADHFaIaAAAAAQAgAA8NdwAPBLkADv7pAA78pQAO/KMADWk7AAuEvAACEOkAAgBeTWFjaW50b3NoIEhEOlVzZXJzOgBmb2JlcjoARG9tZG9jczoASVNUOgBBTlIyMDA4OgBzdm46AEludGVybHVkZXM6AGV0dWRlOgBDTUotMzIwNC1wcDMxLTQ3LnBkZgAOACoAFABDAE0ASgAtADMAMgAwADQALQBwAHAAMwAxAC0ANAA3AC4AcABkAGYADwAaAAwATQBhAGMAaQBuAHQAbwBzAGgAIABIAEQAEgBJVXNlcnMvZm9iZXIvRG9tZG9jcy9JU1QvQU5SMjAwOC9zdm4vSW50ZXJsdWRlcy9ldHVkZS9DTUotMzIwNC1wcDMxLTQ3LnBkZgAAEwABLwAAFQACAAz//wAAgAbSGxwdHlokY2xhc3NuYW1lWCRjbGFzc2VzXU5TTXV0YWJsZURhdGGjHR8gVk5TRGF0YVhOU09iamVjdNIbHCIjXE5TRGljdGlvbmFyeaIiIF8QD05TS2V5ZWRBcmNoaXZlctEmJ1Ryb290gAEACAARABoAIwAtADIANwBAAEYATQBVAGAAZwBqAGwAbgBxAHMAdQB3AIQAjgDdAOIA6gLWAtgC3QLoAvEC/wMDAwoDEwMYAyUDKAM6Az0DQgAAAAAAAAIBAAAAAAAAACgAAAAAAAAAAAAAAAAAAANE}}

@article{hytime91,
	Address = {New York, NY, USA},
	Author = {Newcomb, Steven R. and Kipp, Neill A. and Newcomb, Victoria T.},
	Date-Modified = {2010-01-11 15:24:00 +0100},
	Doi = {http://doi.acm.org/10.1145/125490.125495},
	Issn = {0001-0782},
	Journal = {Communications of the ACM},
	Number = {11},
	Pages = {67--83},
	Publisher = {ACM},
	Title = {The ``{H}y{T}ime '': hypermedia/time-based document structuring language},
	Volume = {34},
	Year = {1991},
	Bdsk-Url-1 = {http://doi.acm.org/10.1145/125490.125495}}

@comment{BibDesk Static Groups{
<?xml version="1.0" encoding="UTF-8"?>
<!DOCTYPE plist PUBLIC "-//Apple//DTD PLIST 1.0//EN" "http://www.apple.com/DTDs/PropertyList-1.0.dtd">
<plist version="1.0">
<array>
	<dict>
		<key>group name</key>
		<string>Guido</string>
		<key>keys</key>
		<string>hoos98,renz02b,RENZ02,Fober:04b</string>
	</dict>
	<dict>
		<key>group name</key>
		<string>Imutus</string>
		<key>keys</key>
		<string>Fober:04c,SCHOON04,SPY05,SCHOON05</string>
	</dict>
	<dict>
		<key>group name</key>
		<string>INScore</string>
		<key>keys</key>
		<string>fober:10a,fober12cmj,Fober:10c,Hoadley12,fober13a,fober:10b,Fober:12a,Fober:13b,fober12cmj2</string>
	</dict>
	<dict>
		<key>group name</key>
		<string>LMJ</string>
		<key>keys</key>
		<string>magnuss11,freeman11,kojs11</string>
	</dict>
	<dict>
		<key>group name</key>
		<string>misc</string>
		<key>keys</key>
		<string>OSC,qt4,Essl12</string>
	</dict>
	<dict>
		<key>group name</key>
		<string>multimedia</string>
		<key>keys</key>
		<string>735872,hytime91,haus05,ludo06,baggi09b,baggi09a,sloan93,sloan02,bellini05</string>
	</dict>
	<dict>
		<key>group name</key>
		<string>Partitions</string>
		<key>keys</key>
		<string>boucou,vickery12,wehinger12,schnebel69,daske10,pottier04,brown52</string>
	</dict>
	<dict>
		<key>group name</key>
		<string>Performance</string>
		<key>keys</key>
		<string>castan,Letz:04a,boul2000,olmos12,saol99,sonic06,Loy85</string>
	</dict>
	<dict>
		<key>group name</key>
		<string>realtime score</string>
		<key>keys</key>
		<string>Baird2004,Baird:2005:RGM:1085939.1086008,Kim-Boyle:2005:MSG:1085939.1086007,Gutknecht:2005:GUR:1085939.1085980,didkovsky2004recent,Freeman:2008:ESM:1403124.1403129</string>
	</dict>
	<dict>
		<key>group name</key>
		<string>Representation</string>
		<key>keys</key>
		<string>hoos98,ACOUSM04,dann89,sloan93,Hewlett97,hytime91,hewlett01,baggi09a,haus05,ludo06,SCORE,dann93b,sonic06,baggi09b,selfridge-field97,darms,couprie12,good01,ACOUSM91,Stone80,bresson08</string>
	</dict>
	<dict>
		<key>group name</key>
		<string>Scores</string>
		<key>keys</key>
		<string>BIRD84,Hamel98,RENZ02,lilypond03,bosseur2005,KUUSK06,hajdu12,renz02b,didko08,agostini12b</string>
	</dict>
	<dict>
		<key>group name</key>
		<string>Vemus</string>
		<key>keys</key>
		<string>Fober:07b,chapuis07,daudin07,Fober:07a</string>
	</dict>
	<dict>
		<key>group name</key>
		<string>Visualization</string>
		<key>keys</key>
		<string>Ware:2008,Ware:2000:IVP:329554,Card:1999:UVT:300679.300826</string>
	</dict>
</array>
</plist>
}}

@comment{BibDesk Smart Groups{
<?xml version="1.0" encoding="UTF-8"?>
<!DOCTYPE plist PUBLIC "-//Apple//DTD PLIST 1.0//EN" "http://www.apple.com/DTDs/PropertyList-1.0.dtd">
<plist version="1.0">
<array>
	<dict>
		<key>conditions</key>
		<array>
			<dict>
				<key>comparison</key>
				<integer>2</integer>
				<key>key</key>
				<string>Author</string>
				<key>value</key>
				<string>Orlarey</string>
				<key>version</key>
				<string>1</string>
			</dict>
			<dict>
				<key>comparison</key>
				<integer>2</integer>
				<key>key</key>
				<string>Author</string>
				<key>value</key>
				<string>Fober</string>
				<key>version</key>
				<string>1</string>
			</dict>
			<dict>
				<key>comparison</key>
				<integer>2</integer>
				<key>key</key>
				<string>Author</string>
				<key>value</key>
				<string>Letz</string>
				<key>version</key>
				<string>1</string>
			</dict>
			<dict>
				<key>comparison</key>
				<integer>2</integer>
				<key>key</key>
				<string>Author</string>
				<key>value</key>
				<string>Daudin</string>
				<key>version</key>
				<string>1</string>
			</dict>
		</array>
		<key>conjunction</key>
		<integer>1</integer>
		<key>group name</key>
		<string>Grame</string>
	</dict>
	<dict>
		<key>conditions</key>
		<array>
			<dict>
				<key>comparison</key>
				<integer>2</integer>
				<key>key</key>
				<string>Title</string>
				<key>value</key>
				<string>guido</string>
				<key>version</key>
				<string>1</string>
			</dict>
			<dict>
				<key>comparison</key>
				<integer>2</integer>
				<key>key</key>
				<string>Author</string>
				<key>value</key>
				<string>renz</string>
				<key>version</key>
				<string>1</string>
			</dict>
		</array>
		<key>conjunction</key>
		<integer>1</integer>
		<key>group name</key>
		<string>guido</string>
	</dict>
	<dict>
		<key>conditions</key>
		<array>
			<dict>
				<key>comparison</key>
				<integer>2</integer>
				<key>key</key>
				<string>Title</string>
				<key>value</key>
				<string>XML</string>
				<key>version</key>
				<string>1</string>
			</dict>
		</array>
		<key>conjunction</key>
		<integer>0</integer>
		<key>group name</key>
		<string>XML</string>
	</dict>
</array>
</plist>
}}
