%% This BibTeX bibliography file was created using BibDesk.
%% http://bibdesk.sourceforge.net/


%% Created for Dominique Fober at 2010-01-26 12:42:48 +0100 


%% Saved with string encoding Unicode (UTF-8) 



@inproceedings{fober10a,
	Author = {D. Fober and C. Daudin and Y. Orlarey and S. Letz},
	Booktitle = {Proceedings of the International Computer Music Conference (submitted to)},
	Date-Added = {2010-01-26 12:42:47 +0100},
	Date-Modified = {2010-01-26 12:42:47 +0100},
	Title = {TIME SYNCHRONIZATION IN GRAPHIC DOMAIN - A NEW PARADIGM FOR AUGMENTED MUSIC SCORES},
	Year = {2010}}

@book{DP95,
	Author = {E. Gamma and R. Helm and R. Johnson and J. Vlissides},
	Date-Added = {2009-03-16 16:23:37 +0100},
	Date-Modified = {2009-03-16 16:23:37 +0100},
	Publisher = {Addison-Wesley},
	Title = {Design Patterns: Elements of Reusable Object-Oriented Software},
	Year = {1995}}

@manual{OSC,
	Author = {Wright Matthew},
	Date-Added = {2009-02-27 11:03:36 +0100},
	Date-Modified = {2009-02-27 17:34:50 +0100},
	Title = {{O}pen {S}ound {C}ontrol 1.0 {S}pecification},
	Url = {http://opensoundcontrol.org/spec-1_0},
	Year = {2002},
	Bdsk-Url-1 = {http://opensoundcontrol.org/spec-1_0}}
